2414 3826
140 168 204 234 158
557 169 667 224 LIBER
683 168 731 224 III.

138 331 300 396 foramine
322 354 381 414 per
405 353 534 396 omnem
562 333 809 398 crassitudinem
838 332 1022 417 elaborato,
1051 354 1153 418 neque

140 419 320 484 claudicare
347 420 444 484 fidem
473 421 696 485 crassitudinis
725 421 794 486 eius
823 421 942 486 inveni.
987 419 1052 484 Sed
1082 443 1155 486 cum

140 529 310 572 cavernam
334 508 426 572 illam
450 511 575 593 replere
597 511 788 596 religiosum
812 509 893 573 mihi
916 509 1094 589 videreturJ
1116 510 1155 574 ad

140 597 401 680 supplementum
424 599 492 662 eius
512 599 699 683 quingentis
723 599 792 662 auri
816 599 950 662 talentis
975 620 1059 682 opus
1083 597 1154 664 fuit

112 706 125 746 5
230 683 287 753 50.
312 685 397 750 Hinc
417 707 493 771 ergo
513 687 719 770 perdeserta
741 687 912 751 redeuntes
937 686 1044 751 multa
1061 709 1153 770 prae·
1168 699 1200 752 82

139 779 237 858 rupta
262 775 420 842 eiusmodi
439 776 612 841 incidimus
631 777 712 859 loca,
736 797 818 861 quae
838 775 973 840 obsessa
990 777 1157 841 crassiori·

139 863 200 927 bus
230 862 373 928 nubibus
403 863 612 930 nebulosisve
638 886 768 929 ornnem
798 864 931 928 omnino
963 863 1156 948 adspectum

139 951 264 1017 homini
288 953 490 1018 sustulerant
518 976 555 1018 ac
584 952 655 1017 diei.
702 952 834 1034 Septem
863 952 1000 1036 denique
1031 953 1156 1018 dierum

138 1041 255 1105 itinere
282 1064 341 1124 per
367 1041 427 1106 has
451 1042 601 1107 tenebras
635 1042 804 1106 exanclato
837 1040 970 1105 tandem
999 1040 1155 1107 Thermo·

99 1150 125 1190 ro
139 1129 232 1195 donti
250 1131 497 1213 supervenimus
520 1132 646 1195 flumini
669 1130 755 1196 haud
778 1131 928 1214 cuiquam
952 1129 1094 1194 secundo
1119 1151 1155 1193 ex

138 1219 372 1302 magnitudine,
397 1219 452 1284 sed
477 1221 562 1284 enim
582 1220 759 1302 perplana
782 1224 815 1282 et
838 1219 974 1302 opipara
993 1219 1068 1283 loca
1088 1241 1155 1283 ma

61 1350 64 1357 -
139 1329 203 1392 gno
234 1307 363 1391 agmine
386 1309 587 1392 pervaganti.
632 1306 771 1391 Propter
797 1307 882 1373 hunc
910 1306 1155 1371 Thermodonta

138 1416 239 1479 genus
260 1397 461 1460 Amazonum
481 1397 568 1476 colit,
591 1397 744 1461 mulieres
763 1395 986 1480 magnitudine
1006 1395 1154 1479 corporis

138 1483 260 1566 pariter
278 1507 315 1549 ac
335 1485 575 1568 pulchritudine
594 1489 702 1550 cetera
720 1485 890 1548 hominum
905 1504 1027 1569 genera
1043 1506 1155 1567 super·

99 1592 125 1632 rs
139 1576 259 1657 vectae,
279 1575 414 1638 amictae
434 1597 521 1659 vero,
540 1575 629 1638 utin
648 1572 783 1657 picturis
803 1577 853 1637 est
871 1574 975 1637 visera
994 1573 1152 1637 unimam·

138 1685 218 1745 mas,
242 1667 276 1726 et
299 1663 404 1727 omnis
427 1663 517 1728 hisce
540 1662 641 1726 ferme
666 1662 804 1726 amictus
828 1665 878 1725 est
901 1683 992 1725 arma
1016 1661 1070 1727 vel
1092 1661 1155 1726 fer-

137 1772 220 1816 rum.
257 1750 363 1835 Igitur
387 1774 459 1816 curn
483 1751 571 1816 haud
593 1752 707 1835 procul
729 1750 782 1815 his
807 1770 984 1834 ageremus,
1008 1750 1155 1834 ipsarum

138 1839 266 1923 quidem
295 1840 394 1924 potiri
420 1840 506 1905 haud
533 1840 627 1904 facile
656 1842 738 1921 arat,
766 1843 937 1922 utrumque
960 1845 1114 1903 nostrum
1137 1862 1155 1904 a

138 1935 316 2012 congressu
359 1929 583 2013 magnitudine
625 1928 767 1992 fluminis
809 1927 1021 2011 dispescente.
1094 1926 1156 1993 Sed

97 2022 267 2100 repraeter
297 2017 386 2082 illius
415 2039 532 2102 agmen
557 2017 681 2082 bestiae
705 2038 833 2101 quoquc
860 2016 1038 2080 nonnullae
1063 2039 1155 2100 aspe-

136 2106 315 2190 ritatesque
334 2107 565 2190 impedimento
581 2110 682 2171 eraut.
712 2107 757 2169 At
775 2105 861 2169 enim
881 2107 1049 2187 comperto
1069 2105 1156 2188 illae,

137 2196 222 2279 quod
256 2199 380 2259 ceterae
413 2218 539 2280 quoque
573 2193 754 2259 Amazones
788 2193 826 2257 de
858 2196 973 2258 nostra
1007 2193 1156 2259 amicitia

136 2287 351 2366 coaptassent,
372 2285 464 2365 ipsae
484 2285 583 2349 etiam
601 2284 738 2367 periculi
757 2304 888 2351 causam
907 2282 1000 2345 donis
1021 2283 1156 2348 anobis

137 2373 170 2433 ct
194 2370 358 2453 obsequiis
381 2372 598 2436 redemerunt.

96 2476 123 2517 25
228 2455 286 2523 bl.
311 2457 455 2545 Itemque
475 2460 617 2524 indidem
637 2459 678 2523 ad
692 2459 839 2524 Rubrum
858 2480 946 2522 marc
965 2459 1055 2522 veni·
1091 2465 1161 2521 XX*
1188 2471 1194 2513 Ι

136 2569 217 2633 mua,
241 2569 380 2631 quorum
399 2549 544 2614 locorum
563 2548 674 2613 dextra
693 2547 821 2634 quidem
839 2546 1024 2630 perasperis
1043 2548 1155 2614 inviis·
1172 2548 1203 2606 83

136 2657 196 2719 que
220 2637 387 2702 montibus
410 2643 498 2702 recta
522 2642 581 2721 est,
604 2638 697 2702 laeva
714 2658 790 2701 vero
814 2635 897 2699 mari
915 2634 1029 2700 Rubro
1054 2636 1155 2703 latius

135 2725 216 2791 fusa.
261 2727 333 2792 Illic
356 2731 465 2792 tamen
488 2727 583 2791 factis
603 2725 758 2810 Neptuno
783 2725 883 2790 sacris
906 2723 1152 2811 immolatisque

225 2978 238 3025 1
259 2972 416 3027 elaboratio
436 2973 471 3027 A.
545 2978 561 3026 3
580 2971 688 3040 replere
708 2971 743 3025 A.
772 2970 878 3037 repelle
897 2970 929 3024 P.

223 3044 271 3098 bt).
291 3049 307 3096 5
326 3042 468 3098 redeuntis
488 3042 633 3110 multaque
647 3043 680 3096 P.
718 3047 734 3094 6
753 3041 904 3096 incidimus
923 3040 1017 3096 om.P.
1057 3047 1073 3095 '1
1093 3059 1152 3097 om-

133 3131 198 3168 nem
217 3131 266 3169 om.
282 3114 315 3168 P.
359 3120 375 3168 8
394 3113 515 3168 hominis
527 3115 600 3168 Mai.
608 3113 664 3171 lllr.
685 3112 742 3166 disi
756 3129 805 3166 ora.
820 3112 853 3167 P.
891 3118 906 3164 9
926 3111 1106 3167 therindonti
1116 3113 1150 3167 A.

133 3184 304 3240 termodonti
314 3186 346 3238 P.
387 3190 418 3238 11
439 3184 616 3254 oppiparaP.
652 3189 683 3236 12
702 3184 872 3252 pervaganti
881 3183 954 3236 Mai.
974 3186 1152 3252 pervagante

133 3258 168 3309 A.
176 3258 208 3310 P.
237 3257 417 3311 termodonta
435 3257 469 3309 A.
548 3261 580 3308 16
595 3261 659 3324 post
680 3254 793 3308 ‘omnis'
814 3255 846 3307 iu
863 3255 988 3324 caeruiae
1005 3256 1151 3324 suppletur

134 3326 297 3382 exercitatio
319 3329 352 3381 P.
381 3327 424 3380 his
445 3327 479 3380 P.
508 3326 627 3380 amictus
646 3342 696 3381 om.
718 3326 752 3379 P.
800 3331 832 3378 17
852 3324 949 3393 procul
970 3342 1034 3378 cunr
1052 3324 1098 3379 his
1117 3325 1148 3380 P.

134 3403 166 3451 19
187 3397 361 3467 dispescunte
383 3399 416 3452 P.
445 3397 628 3467 dispartiente
648 3399 683 3450 A.
757 3401 791 3448 20
810 3398 977 3463 praeterque
996 3397 1032 3450 A.
1040 3397 1072 3451 P.

220 3469 268 3523 bl.
290 3475 324 3522 25
343 3468 445 3523 rubum
464 3469 497 3523 P.
559 3474 593 3524 26
613 3486 663 3538 per
682 3484 795 3536 asperos
814 3465 962 3534 inviosque
982 3469 1093 3521 montes
1115 3467 1147 3520 P.

118 3541 156 3586 27
172 3539 259 3593 Iaera
280 3556 350 3609 ergo
361 3541 392 3596 P.
438 3546 473 3598 28
493 3539 586 3598 Verba
603 3539 680 3596 ‘lllio
694 3570 728 3580 —
743 3542 833 3604 ΗΜ
848 3537 1024 3604 resonamus
1045 3554 1095 3593 om.
1116 3536 1147 3592 P.
