2414 3826
394 175 510 232 AOTUS
528 175 754 232 ALEXANDRI.
1024 175 1068 240 95

57 364 149 428 spem
177 343 364 423 metumque
395 338 501 402 animo
529 340 705 423 volutaret,
734 361 811 404 casu
840 338 998 403 eiusmodi
1028 338 1070 403 ad

54 431 214 496 maiorem
242 427 446 493 formidinem
475 426 691 492 conlimatur.
736 427 834 494 Forte
860 427 896 491 in
923 427 1069 492 conclavi

56 542 108 601 eo,
131 519 167 582 in
197 538 260 602 quo
290 521 367 580 tune
397 537 453 580 rex
481 516 617 600 agebat,
645 516 755 600 imago
784 516 942 600 quaedam
968 515 1070 581 Xerxi

58 607 232 673 sublimius
254 605 376 689 posita,
403 603 454 669 vel
478 604 520 670 ob
546 604 735 669 memoriam
763 605 922 670 maiorum
948 605 1001 669 vel
1030 604 1069 669 de

55 697 204 781 picturae
236 694 343 779 gratia
375 691 575 776 spectabilis,
602 691 702 757 Dario
732 693 958 777 acceptissima
991 699 1098 758 erate

55 785 107 850 Ea
139 787 282 866 repente.
303 780 476 847 fatiscente
506 783 677 865 compacta
706 783 847 865 procidit
879 782 1070 866 dissilitque.

56 872 94 938 Id
112 872 242 954 Uarine,
265 874 302 934 ut
325 892 376 934 res
402 874 480 955 erat,
503 869 688 934 coniectans
708 871 816 936 animo
835 872 1069 936 macerabatur.

56 961 235 1035 Enimvero
265 958 451 1023 Alexander
483 978 578 1022 omne
609 959 796 1024 intersitum
830 961 972 1043 spatium
1003 959 1070 1023 iam

57 1071 190 1115 mensus
213 1048 269 1114 ubi
293 1047 333 1112 ad
358 1046 532 1131 Strangam
555 1045 690 1110 fluvium
715 1048 863 1130 accessit,
886 1051 976 1113 ratus
1000 1047 1071 1112 fore

55 1139 107 1204 uti
131 1159 204 1203 eum
223 1137 356 1221 pariter,
380 1139 417 1199 ut
436 1138 579 1213 venerat,
601 1135 774 1218 perriaret,
798 1157 915 1221 equum
934 1157 1071 1221 quoque,
1085 1155 1113 1195 ro

58 1248 125 1312 quo
134 1226 322 1305 vehebatur,
336 1224 476 1309 impellit
485 1223 646 1308 primitias
660 1225 898 1309 congelationis
911 1225 1070 1290 invadere.

59 1315 124 1381 Sed
147 1336 242 1378 exesa
264 1313 416 1378 videlicet
433 1314 485 1378 vel
509 1313 617 1377 soluta
635 1315 840 1397 super‘omni
859 1314 1071 1379 crassitudine

58 1426 97 1469 ac
126 1402 204 1488 gelu
233 1403 332 1467 cessit
362 1402 509 1486 aequoris
537 1401 635 1466 facies
664 1403 704 1467 ad
729 1402 857 1486 pondus
887 1404 1072 1486 equitantis.

58 1492 198 1576 Utrique
213 1491 316 1577 igitur
334 1493 527 1555 rennuentes
546 1491 581 1553 in
596 1489 791 1572 profundum
806 1492 947 1557 fluminis
966 1496 1071 1558 ruunt.

59 1580 124 1646 Sed
147 1581 234 1645 enim
259 1600 376 1663 equum
399 1600 517 1663 agmen
539 1579 673 1644 violenti
696 1580 836 1665 gurgitis
854 1602 986 1664 pessum
1009 1583 1113 1646 tra-15

60 1673 151 1734 ctum
179 1671 353 1750 averteret3
384 1689 440 1731 rex
469 1689 546 1732 uero
576 1671 691 1733 natatu
721 1691 819 1753 quam
849 1670 1073 1734 valentissimo

60 1779 213 1824 emensus
231 1756 410 1840 periculum
435 1755 568 1820 alterius
587 1757 677 1840 ripae
700 1758 766 1822 iam
784 1759 978 1841 potiebatur,
1001 1780 1074 1823 cum

59 1847 188 1911 eminus
220 1845 310 1910 videt
341 1845 507 1909 insecutos
547 1866 617 1910 sese
644 1844 761 1910 Persas
798 1847 864 1910 iem
896 1847 985 1911 litori
1022 1846 1074 1910 ad·

59 1935 203 2019 venisse,
233 1934 355 1998 frustra
384 1933 516 1999 habitos
547 1953 604 2017 spe
632 1937 873 2018 transgressus,
904 1934 1075 2018 desperata

60 2025 162 2090 etiam
181 2022 481 2106 comprehensione,
503 2021 621 2085 reditui
642 2023 836 2102 consultare,
859 2023 977 2105 quippe
1001 2042 1073 2086 cum
1088 2041 1115 2080 ao
1194 2064 1199 2081 .

62 2113 182 2178 Persae
210 2133 277 2178 non
304 2112 400 2177 modo
429 2110 470 2175 ad
492 2112 624 2175 natatus
648 2108 834 2175 huiusmodi
865 2110 980 2174 audere
1008 2131 1075 2175 non

62 2203 202 2285 soleant,
231 2201 286 2266 sed
314 2222 355 2264 ne
380 2199 565 2284 navigabile
593 2197 721 2283 quidem
749 2199 790 2264 ob
818 2199 954 2264 nimiam
981 2198 1076 2265 vehe-

61 2291 221 2355 mentiam
243 2289 363 2354 flumen
388 2289 451 2353 hoe
478 2287 632 2352 habeant.
677 2286 784 2372 Igitur
808 2289 951 2373 stupenti
973 2287 1075 2354 Dario

62 2378 314 2462 demirantique‚
347 2398 429 2461 quae
459 2380 554 2462 gesta
578 2379 669 2462 sunt,
700 2399 828 2443 cassum
856 2379 1001 2444 laborem
1027 2400 1076 2444 re·

55 2464 174 2531 'ferunt
200 2467 408 2531 insecutores.
453 2465 638 2533 Alexander
661 2488 737 2533 vero
766 2489 879 2533 menso
907 2469 1000 2534 alveo
1028 2468 1075 2534 of·
1090 2485 1120 2537 2⁵,

62 2555 169 2621 fendit
186 2554 369 2638 Eumelum,
393 2576 488 2638 quem
511 2577 576 2620 nna
599 2577 672 2621 cum
696 2557 787 2640 equis
808 2557 933 2622 duobus
956 2556 1076 2621 ibidem

64 2643 128 2708 sibi
150 2643 381 2708 subsidiarium
400 2643 622 2727 dereliquerat.
668 2643 750 2709 Tum
773 2644 822 2708 illi
845 2648 878 2708 et
896 2649 1007 2729 gestae
1029 2645 1077 2709 rei

63 2733 181 2798 seriem
205 2731 356 2816 explicat,
379 2736 413 2797 et
434 2732 489 2796 nbi
514 2731 555 2796 ad
573 2730 750 2796 exercitum
772 2732 865 2813 redit,
884 2733 979 2798 duces
999 2754 1077 2816 quo·

64 2842 127 2905 que
147 2821 252 2885 laetos
271 2820 358 2885 facto
380 2820 565 2904 participat.
587 2818 742 2884 -Omnem
763 2820 940 2885 exercitum
961 2821 1024 2884 sibi
1060 2825 1134 2881 XVI.

63 2909 283 2992 iamiamque
307 2909 420 2974 adesse
439 2909 634 2972 instructum
656 2909 754 2972 armis
777 2907 877 2973 iubet.
919 2907 982 2985 Qui
1005 2930 1077 2974 oum
1092 2937 1118 2978 eo

66 2998 171 3062 omnis
195 2998 230 3063 in
250 3001 379 3062 centum
399 2999 431 3062 et
449 2997 567 3081 viginti
588 2995 721 3060 milibus
739 2999 972 3080 numeraretur,
995 2997 1077 3076 ‘Nc'

64 3085 181 3171 inquit,
205 3085 256 3150 ‘ne
281 3087 324 3151 sit
347 3087 440 3151 vobis
465 3084 595 3169 aliquid,
618 3085 747 3169 milites,
771 3086 856 3171 quod
875 3087 1077 3152 cunctemini.

158 3336 173 3384 1
192 3330 287 3386 animo
308 3331 342 3387 P.
368 3329 493 3385 animum
513 3330 572 3386 Mr.
649 3336 665 3385 ὅ
685 3329 849 3401 spectabilis
867 3329 953 3386 Dario
970 3331 1079 3399 scripsi.

67 3400 153 3458 Dario
173 3400 337 3472 spectabilis
353 3403 387 3455 P.
426 3407 459 3454 14
477 3400 596 3470 Utrique
612 3403 670 3458 Mr.
689 3403 806 3470 uterque
822 3402 856 3455 P.
895 3408 928 3456 18
947 3418 1007 3456 sese
1023 3401 1084 3454 Mr.

69 3487 127 3529 asse
148 3473 182 3528 P.
237 3479 272 3527 26
290 3471 476 3527 Eumedmum
495 3471 528 3530 P.
578 3477 611 3530 2⁵1
633 3472 831 3544 dereliquerat
846 3468 1109 3543 Boqeeaffllrdm.

70 3547 143 3599 1883
153 3561 185 3613 p.
201 3547 262 3600 308.
283 3543 464 3614 delinquerat
480 3543 515 3603 P.
536 3546 705 3621 deliquerat
720 3549 784 3604 Mr.
819 3549 863 3600 tx
872 3542 930 3597 de
947 3541 1018 3593 Mr.
1033 3531 1133 3586 ast.
1192 3542 1199 3605 p
