2414 3826
409 173 527 229 ORTUS
545 172 767 230 ALEXANDRI.
1051 177 1094 241 29

83 334 269 401 Alexander
282 338 436 419 paternae
450 338 579 401 statuae
594 342 782 422 suggestum
803 342 835 402 et
853 343 986 422 propter
1004 340 1096 404 illam

80 425 244 490 adsistens
267 425 302 488 in
324 424 405 490 haec
423 425 523 490 verba
547 425 767 491 contionatur:
791 423 836 491 ‘0
856 426 966 492 Pellae
986 429 1095 512 proles

81 517 114 578 et
131 512 346 578 Macedonum
369 514 416 579 vel
430 512 677 579 Atheniensium
693 513 904 600 Corinthique
923 518 1095 602 progenies

77 606 324 685 ceterarumque
339 600 493 667 Graeciae
509 603 654 688 gentium
668 603 810 688 nomina,
830 626 870 668 en
888 608 1017 689 tempus
1037 609 1096 689 est,

78 690 228 774 quisquis
243 690 430 756 Alexandro
447 713 517 757 sese
532 693 641 776 cupiat
654 692 804 777 militare,
820 697 858 758 ut
873 693 997 759 scilicet
1010 716 1095 759 nunc
1115 687 1128 756 r

79 800 201 844 nomen
220 779 327 845 labori
341 779 493 846 fateatur.
528 780 567 845 In
586 801 641 845 eos
657 781 776 864 quippe
794 782 1007 848 militabimus
1022 784 1096 847 bar-

79 869 188 952 baros,
211 868 267 951 qui
288 889 349 932 nos
372 869 565 953 iampridem
587 890 632 952 re,
654 891 739 933 nunc
761 891 839 934 vero
863 871 1004 954 spoliare
1023 893 1095 955 per·

78 960 164 1041 gunt
191 957 291 1021 etiam
314 956 474 1023 libertate.
519 957 625 1040 Igitur
653 978 764 1021 eamus
793 957 906 1023 ducere
934 961 969 1023 in
997 962 1095 1026 servi·

78 1049 186 1110 tutem
205 1043 330 1110 Persas.
371 1045 427 1129 Hi,
450 1044 567 1129 quibus
586 1048 682 1128 turpe
701 1050 772 1110 erat
790 1047 1006 1113 seruientibus
1030 1070 1096 1113 non

80 1134 267 1215 subvenire,
296 1134 383 1198 enirn
410 1155 494 1199 nunc
522 1133 587 1198 iam
611 1134 711 1199 etiam
739 1133 804 1219 ipsi
827 1134 1005 1202 servimus?
1051 1136 1096 1201 Et
1110 1159 1136 1199 ιο

78 1222 162 1288 haec
185 1223 315 1307 quidem
339 1221 425 1287 dicta
447 1222 672 1307 praesentibus
697 1222 802 1289 edicit.
848 1222 972 1289 Tamen
994 1225 1022 1289 it
1045 1247 1095 1290 ea-

80 1311 154 1375 dem
177 1311 236 1376 illa
260 1312 421 1376 sententia
445 1316 478 1376 et
498 1333 557 1395 per
579 1313 709 1398 singula
732 1313 851 1396 oppida
873 1313 1096 1398 civitatesque,

79 1402 119 1465 ut
140 1421 207 1464 una
230 1421 304 1465 cum
327 1401 486 1466 classibus
509 1400 542 1483 ii,
565 1401 621 1484 qui
644 1423 808 1466 armorum
833 1402 991 1467 desiderio
1010 1407 1097 1468 tene·

79 1491 207 1572 rentur,
236 1488 277 1553 ad
305 1511 375 1554 sese
399 1490 606 1554 confluerent.
651 1490 757 1574 Igitur
784 1494 821 1556 ut
846 1491 874 1555 si
897 1492 1096 1557 incentivum

80 1575 214 1660 aliquod
236 1578 346 1643 divina
364 1599 442 1642 voee
464 1579 686 1663 intonavisset,
709 1601 772 1662 quo
796 1579 924 1645 facilius
948 1581 989 1646 ad
1012 1581 1094 1647 eius·
1109 1601 1136 1644 rs

78 1665 170 1731 modi
200 1688 281 1749 opus
305 1665 413 1732 studia
434 1666 604 1732 hominum
628 1667 886 1752 exardescerent,
913 1670 962 1735 ita
983 1674 1096 1735 votum

79 1757 307 1840 certamenque
335 1759 406 1819 erat
432 1755 665 1821 Macedonibus
692 1756 864 1822 militandi.
913 1758 1097 1824 Alexander

79 1842 216 1908 aedibus
237 1845 400 1927 reseratis,
424 1845 541 1930 quibus
560 1845 691 1910 condita
708 1847 810 1928 patris
831 1867 922 1910 arma
940 1847 1096 1912 militaria

81 1933 281 2016 visebantur,
303 1933 355 1997 his
379 1955 460 2017 quos
484 1935 623 1998 inermes
646 1934 775 1998 viderat
798 1934 978 2017 dilargitur.
1108 1957 1134 1997 19

172 2019 231 2086 20.
255 2019 317 2086 Sed
332 2021 420 2086 eninr
435 2023 570 2105 quisque
585 2022 726 2105 armiger
741 2021 884 2105 Philippi
898 2026 1006 2087 aetate
1022 2044 1095 2106 pro·
1116 2035 1159 2088 14.

79 2110 214 2193 rectior,
237 2110 292 2175 diu
311 2110 378 2176 iam
397 2111 532 2174 militiae
551 2109 737 2194 laborisque
756 2113 934 2195 pertaesus,
954 2111 1097 2194 negabat

81 2220 117 2264 se
131 2198 284 2263 idoneum
302 2199 353 2264 his
373 2199 543 2264 conatibus
562 2198 641 2282 fore,
660 2200 767 2263 aetate
787 2199 912 2264 scilicet
932 2221 991 2265 sua
1006 2222 1095 2283 prae-

81 2288 227 2352 sentibus
257 2288 452 2375 refragante.
498 2287 550 2351 Ad
579 2288 661 2352 haec
688 2287 872 2353 Alexander
898 2287 1095 2374 ‘Equidem'

80 2375 202 2461 inquit,
235 2375 478 2442 ‘veridicentiae
510 2377 568 2442 isti
598 2377 692 2442 testis
725 2378 841 2444 accedo
873 2400 933 2444 nec
964 2380 1095 2444 labores

81 2470 219 2550 vestros,
243 2488 324 2549 quos
346 2467 574 2550 praetenditis,
597 2488 664 2532 non
687 2466 875 2552 adstipulor.
918 2467 1095 2534 Enimvero
1110 2489 1136 2532 ar

80 2554 220 2620 militiae
234 2555 283 2620 vis
305 2556 463 2621 eiusmodi
481 2577 533 2620 res
557 2559 616 2639 est,
634 2556 682 2620 uti
702 2555 892 2641 magisterio
910 2557 1097 2622 callentium

82 2643 233 2709 ordinata
260 2667 336 2710 mox
357 2645 475 2709 fiducia
498 2643 616 2709 virium
644 2645 849 2729 exsequenda
877 2644 928 2708 sit.
974 2645 1097 2710 Peritia

82 2732 202 2816 quippe
217 2734 336 2797 veteris
354 2755 432 2797 usus
451 2732 542 2797 rudis
562 2754 676 2797 manus
696 2733 830 2798 audacia
845 2731 1013 2817 dirigenda
1033 2736 1096 2798 est:

81 2841 220 2903 quorum
252 2823 389 2885 alterum
419 2844 494 2906 vos,
526 2822 663 2885 alterum
696 2822 847 2886 iuventus
880 2821 1097 2886 existimatur.

172 2982 188 3030 2
203 2975 312 3031 inhaec
322 2977 499 3034 rerbaMai².
519 2977 591 3032 adh.
602 2977 712 3033 aar.
746 2984 762 3032 3
779 2975 1005 3046 chorintiiqueP.
1034 2984 1099 3032 4en

83 3048 197 3116 tempus
216 3054 243 3102 1¹.
270 3065 304 3102 en
323 3064 373 3103 om.
392 3048 467 3103 AP.
504 3052 613 3103 bnuuc
632 3047 758 3118 quisquis
779 3049 813 3103 P.
842 3049 950 3103 scilieet
967 3047 1041 3102 hunc
1063 3048 1097 3102 P.

81 3118 264 3172 8servitium
273 3124 300 3176 r.
340 3125 373 3174 10
392 3120 467 3174 enim
478 3125 543 3189 post
556 3120 594 3173 Hi
608 3120 720 3175 collocat
733 3120 834 3190 Kluqe.
855 3135 889 3174 en
903 3119 1005 3175 Eberb.
1040 3119 1098 3173 iam

82 3204 134 3244 orn.
144 3189 181 3244 A.
189 3189 222 3245 P.
268 3195 300 3244 11
320 3191 345 3244 it
362 3191 489 3246 ora'LP.
533 3195 567 3246 14
584 3188 745 3246 incendium
756 3191 786 3247 Τ.
832 3197 865 3245 15
884 3190 1054 3245 intonuisset
1063 3191 1097 3245 P.

82 3259 246 3315 huiusmodi
264 3261 297 3315 P.
355 3267 386 3316 17
406 3264 548 3317 certamen
569 3264 630 3331 (om.
650 3264 715 3332 que)
734 3262 767 3318 P.
795 3261 835 3316 At
852 3262 1010 3317 Alexander
1032 3261 1062 3315 Τ.

173 3331 221 3387 20.
241 3337 273 3386 21
295 3331 344 3385 diu
361 3333 419 3386 iam
432 3335 532 3402 scripsi
536 3354 547 3401 ;
569 3332 694 3388 divinam
711 3333 743 3387 Τ.
767 3332 803 3388 de
821 3333 851 3387 ri
865 3334 899 3388 A.
908 3333 942 3388 P.
984 3338 1018 3386 22
1036 3332 1099 3387 ido-

81 3418 166 3456 neum
189 3403 234 3457 his
258 3403 352 3473 Geyer.
381 3402 490 3459 idoneis
515 3404 551 3459 A.
579 3404 705 3473 negabat
729 3420 758 3458 se
784 3405 930 3460 conatibus
956 3403 1016 3458 fore
1038 3402 1099 3458 ido-

83 3488 167 3528 neum
183 3474 217 3527 P.
263 3479 299 3528 25
316 3473 347 3527 in
365 3490 434 3542 quos
454 3475 488 3530 P.
538 3480 573 3533 26
592 3474 715 3533 militiae
732 3474 779 3532 ius
800 3475 837 3533 A.
861 3473 975 3531 miluus.
985 3474 1038 3528 x'xs
1054 3471 1122 3526 exus

83 3543 218 3596 eiusmodi
227 3542 355 3599 restituti
364 3546 397 3602 Τ.
436 3553 472 3605 27
486 3550 681 3624 exaequanda
687 3550 720 3611 Τ.
740 3550 781 3608 sit
795 3549 901 3609 orel).
933 3553 978 3602 ‘aa
994 3538 1146 3610 sartumQ
