2414 3826
401 184 519 240 ORTUS
538 184 761 242 ALEXANDltl.

232 345 325 398 Unum
344 360 447 412 repone
465 362 611 400 numerum
630 346 660 400 et
678 349 790 401 centnm
810 345 911 401 dehinc

234 415 381 483 Unumque
399 418 464 484 post
482 416 523 483 id,
545 418 612 471 tnnc
632 420 731 486 quater
749 417 850 487 viginti
869 417 927 472 sint

231 484 389 554 Decemque
408 485 520 554 iuxtim,
540 502 629 557 eaque
648 488 687 544 sit
703 487 870 557 novissima,

233 554 310 621 Quae
329 557 420 627 prima
437 557 493 612 fixa
512 564 565 613 est:
585 559 670 626 idque
689 559 727 614 sit
744 577 847 614 nomen
864 558 943 614 mihi.
1099 575 1113 613 4
1190 563 1199 573 ⁸

161 662 221 731 32.
245 663 317 730 Hoc
339 667 441 750 igitur
463 668 595 732 oraculo
618 689 676 751 per
698 669 840 751 quietem
860 669 991 734 doctum
1010 669 1084 733 Ale·
1104 679 1149 730 35.

67 754 230 818 xandrum
258 754 335 818 deus
362 756 396 818 in
424 777 538 821 somno
563 756 743 839 dereliquit.
789 758 835 820 At
857 758 913 821 ille
942 759 1086 842 expergi-

69 842 173 907 scitur
190 843 385 927 recoltisque
405 844 510 908 verbis
531 865 567 908 ae
587 845 761 908 memoriae
781 844 980 910 confirmatis
999 847 1086 911 huno

69 930 200 995 demum
231 953 316 1016 esse,
347 954 442 1016 quem
473 932 615 1015 quaerit,
645 933 768 996 scilicet
796 932 945 1017 Sarapim
975 935 1086 998 mundi

68 1020 173 1083 totius
204 1018 370 1084 dominum
401 1023 622 1105 rectoremque
653 1022 831 1085 confirmat.
885 1022 953 1085 Ara
986 1023 1086 1107 igitur

68 1108 122 1171 vel
145 1108 286 1172 maxima
310 1110 452 1173 maximo
476 1130 573 1192 opere
596 1110 744 1173 laborata
767 1110 961 1194 largioribus
985 1111 1084 1176 sacris
1100 1131 1125 1171 10

68 1201 140 1259 tam
163 1197 378 1262 animantium
402 1201 508 1261 stratu
528 1219 625 1281 quam
649 1197 785 1262 odorum
804 1199 991 1282 profusione
1016 1220 1086 1263 mu-

68 1285 187 1351 nificus
210 1287 360 1350 convivia
384 1288 482 1350 etiam
506 1287 694 1370 exsequitur
716 1287 835 1351 ibidem
856 1310 953 1372 quam
977 1288 1085 1351 laetis-

69 1374 163 1438 sima.
208 1374 299 1439 Tunc
323 1374 530 1439 Parmenioni
558 1376 734 1440 architecto
764 1376 936 1441 laborandi
960 1377 1085 1441 scilicet

69 1462 245 1526 simulacra
268 1484 345 1528 cura
367 1465 550 1548 mandatur,
572 1469 610 1527 ut
632 1486 673 1528 ne
696 1465 763 1529 illis
782 1463 919 1530 Homeri
939 1467 1085 1531 versibus

69 1551 261 1635 demutaret,
284 1554 339 1636 qui
364 1553 410 1617 sic
432 1553 625 1635 loquuntur:
1099 1574 1125 1615 15

231 1672 350 1727 Caerula
368 1673 435 1726 tnnc
453 1671 496 1727 illi
515 1671 663 1728 Saturnius
682 1673 782 1729 adnuit
801 1691 877 1741 aree,

230 1743 323 1798 Aurea
342 1744 482 1798 caesaries
501 1761 583 1812 quem
603 1744 698 1813 signat
715 1744 839 1800 motibus
859 1745 950 1799 almis.

68 1851 116 1917 Et
133 1852 330 1917 Parmenion
349 1852 478 1936 quidem
503 1853 591 1918 iussa
610 1855 759 1937 complet,
783 1855 851 1937 ipse
871 1876 998 1937 quoque
1017 1877 1085 1919 non

68 1940 249 2006 inhonorus
279 1942 341 2006 hoc
370 1942 490 2007 labore.
536 1941 662 2025 Quippe
690 1942 848 2024 templum
878 1943 977 2006 etiam
1000 1964 1085 2007 nune

69 2027 232 2115 Sarapion
250 2030 474 2095 Parmenionis
499 2030 690 2113 appellatur.
732 2029 908 2093 Enimvero
927 2029 1084 2095 haetenus
1099 2052 1125 2090 ro

68 2119 132 2183 tibi
156 2141 252 2202 super
276 2120 418 2184 civitatis
442 2119 530 2182 illius
555 2117 688 2182 conditu
712 2117 835 2182 dictum
858 2117 1004 2182 habebis.

160 2206 219 2273 33.
235 2207 418 2272 Alexander
430 2228 525 2291 porro
539 2211 651 2271 coacto
665 2207 753 2271 omni
768 2207 910 2271 exercitu
925 2207 1009 2270 exim
1031 2212 1157 2270 XXXIV.

16 2370 18 2375 ¹
70 2295 110 2360 ad
135 2295 279 2382 Aegypti
303 2297 460 2360 ulteriora
484 2295 650 2360 contendit
673 2296 770 2370 classi
793 2296 881 2360 iussa
906 2317 975 2360 sese
999 2296 1084 2380 apud
1104 2295 1148 2348 36.

70 2384 229 2469 Tripolim
253 2386 404 2470 opperiri.
446 2383 508 2449 Sed
531 2385 564 2450 id
587 2384 649 2449 iter
672 2385 769 2470 longe
793 2385 1085 2451 laboriosissimum

160 2562 261 2629 2post
278 2559 309 2613 id
328 2559 399 2614 Mai.
427 2560 492 2628 post
509 2559 573 2614 idus
594 2559 628 2614 A.

158 2630 207 2686 32.
232 2631 296 2685 6in
315 2648 412 2685 somno
432 2637 458 2682 Τ,
488 2647 551 2684 enm
570 2646 668 2685 somno
685 2633 724 2686 A.
761 2631 964 2699 expergiscitur
982 2637 1009 2685 ’1.
1040 2648 1085 2686 ex·

70 2701 197 2771 pergitur
216 2705 252 2756 A.
348 2701 494 2769 aquaem
513 2707 540 2754 Τ.
569 2702 716 2770 quaereret
733 2701 769 2754 A.
863 2706 896 2754 10
915 2701 1038 2756 maxima
1057 2709 1085 2755 Τ.

69 2789 121 2828 om.
141 2774 177 2827 A.
221 2778 252 2827 11
273 2773 393 2826 stratum
412 2778 439 2826 Τ.
483 2777 516 2826 13
535 2772 795 2828 ertio...arcitecto
814 2777 841 2824 Τ.
881 2775 914 2825 14
932 2770 990 2826 illis
1011 2774 1084 2827 Mai.

70 2842 116 2896 illi
129 2845 199 2898 M.
238 2850 271 2898 15
291 2843 340 2912 qui
358 2843 398 2898 sic
417 2843 549 2898 locuntur
563 2838 590 2897 1¹}
611 2843 694 2911 quasi
713 2843 859 2896 elocuntur
872 2843 909 2896 A.
947 2847 980 2896 16
999 2841 1044 2896 1111
1057 2849 1085 2898 Τ.

70 2914 110 2969 oli
128 2916 164 2970 A.
197 2914 326 2970 caerulea
345 2914 410 2968 haic
429 2913 504 2969 oculi
524 2913 619 2983 Geyer.
663 2919 695 2968 17
715 2927 799 2981 quem
820 2911 916 2983 Geyer.
942 2930 996 2982 que
1015 2915 1085 2969 M.

68 2983 793 3125 tnta·li³¹¹l0²attlts¹ttttttlltt·
812 2990 865 3110 ot?
878 2983 1085 3111 l¹¹¹²⁰¹¹2⁰l¹¹30l

69 3126 132 3183 ditu
150 3135 178 3183 ’1.
207 3126 351 3183 conditum
370 3129 405 3182 A.

158 3199 208 3254 33.
240 3199 304 3254 Hoc
327 3200 416 3267 capite
438 3199 537 3252 iterum
559 3198 660 3267 incipit
685 3196 748 3252 Uod.
773 3197 821 3264 P„
843 3198 875 3251 ia
897 3213 949 3267 quo
971 3198 1086 3251 initium

69 3271 172 3339 capitis
189 3272 232 3325 ita
251 3271 364 3338 rapitur:
387 3269 547 3323 Alexander
564 3266 630 3322 inde
650 3267 793 3338 digressus
815 3268 852 3323 ad
871 3268 994 3338 Aegypti
1013 3267 1085 3322 ulte·

69 3340 145 3395 riora
168 3340 321 3396 contendit.
363 3340 401 3394 Et
426 3358 488 3394 cum
512 3339 668 3409 Memphim
691 3340 827 3407 venisset,
851 3339 996 3394 inductum
1022 3357 1086 3393 eum

68 3411 97 3466 in
118 3412 216 3466 aedem
234 3412 430 3481 templumque
448 3409 568 3464 Vulcani
588 3411 711 3465 statuam
731 3411 872 3491 quandam
890 3411 972 3480 nigro
991 3409 1085 3480 lapide

68 3482 195 3538 intuetur
213 3500 277 3538 cum
300 3483 352 3537 illa
375 3499 459 3554 super
478 3482 645 3540 Nectenebo
667 3481 871 3555 inscriptione,
886 3482 1099 3553 imperatorem

64 3552 175 3606 scilieet
191 3560 237 3610 ete.
260 3584 292 3594 -
312 3560 348 3610 24
365 3553 396 3611 id
417 3552 505 3613 itiner
523 3562 554 3616 X.
583 3555 641 3616 iter
662 3558 700 3616 A.
