2414 3826
89 176 152 242 152
504 173 613 230 mann
630 175 677 229 III.

88 339 426 442 gymnosophistarum
455 338 553 402 etiam
582 360 640 422 per
673 337 878 402 elementiam
908 337 1099 420 laudatiora,

88 429 205 513 quippe
233 448 312 511 quos
342 426 473 492 siverim
503 447 599 511 agere
631 427 665 491 in
692 448 776 529 ,pace
810 448 847 490 ac
876 427 943 490 suis
972 426 1099 509 legibus

88 517 297 600 moribusque
321 515 518 581 donaverim
555 515 650 592 Quod
673 517 700 580 si
719 515 811 580 vobis
835 515 922 580 haud
941 515 1100 599 displicet,

88 605 224 688 accipite
247 626 307 669 nos
326 605 390 668 isto
409 604 576 669 venientes
600 607 642 688 et,
665 605 751 689 quod
775 608 825 668 est
850 603 1015 668 amicitiae
1034 626 1100 668 mu-

61 715 157 778 enus,
177 693 238 757 diis
257 693 436 758 sacrificate
455 715 514 776 pro
533 693 628 758 nobis
647 694 724 772 iam,
742 693 866 777 quippe
885 693 980 758 vobis
1001 693 1102 757 aderi-

88 807 167 848 mus.
201 784 247 846 At
265 804 322 848 vos
341 781 439 847 velim
459 782 590 846 obviare
608 783 702 848 nobis
723 783 832 847 animo
848 785 1011 866 gratante,
1030 803 1102 846 cum

88 873 128 937 ad
148 872 324 938 amicitiam
344 872 405 935 iter
424 871 519 954 istud,
538 893 604 935 non
624 872 663 935 ad
677 871 855 955 periculum
875 869 919 934 sit
932 868 1100 934 futurum?

88 962 140 1027 Ad
162 963 244 1026 haec
268 960 450 1024 Amazones
473 960 684 1044 respondere:

177 1048 236 1115 45.
262 1048 335 1113 ‘Vel
352 1049 486 1112 fiduciae
510 1071 627 1113 munus
652 1053 702 1113 est
725 1049 776 1112 vel
794 1047 967 1131 libertatis,
992 1048 1102 1111 omnia

49 1146 103 1206 rot
89 1142 160 1223 tibi,
179 1162 243 1222 rex,
263 1138 412 1221 scribere,
432 1159 513 1221 quae
528 1159 627 1239 penes
646 1159 705 1202 nos
726 1138 798 1218 sint,
817 1158 882 1201 non
902 1135 991 1219 quod
1004 1136 1101 1199 fidem

88 1230 173 1314 scrip
176 1230 218 1292 tis
243 1229 376 1310 deroget
362 1226 472 1289 lulla
500 1226 655 1310 suspicio,
683 1225 738 1290 sed
766 1187 803 1289 ut
826 1224 952 1308 plenius
975 1247 1102 1308 noscas,

89 1317 203 1402 ecquid
237 1314 342 1400 operis
371 1314 469 1396 pretii
504 1315 548 1379 sit
581 1315 650 1397 his,
685 1315 865 1399 quicunque
897 1312 1012 1377 hostili
1042 1313 1103 1377 fcr-

88 1428 163 1470 vore
192 1405 226 1467 in
254 1425 313 1467 nos
338 1402 471 1484 cupiant
494 1403 578 1466 milit
565 1408 643 1468 t.are
690 1400 869 1468 Commune
898 1403 1019 1485 quippe
1046 1401 1102 1465 hu·

89 1493 215 1557 manita
196 1493 257 1556 atis
215 1490 424 1556 ttsndium
449 1512 519 1555 esse
544 1492 810 1571 arbitramur,1n
834 1512 981 1575 quaeque
1005 1491 1104 1555 dubia

48 1602 74 1644 re
89 1603 222 1646 ausuros
241 1578 323 1645 nihil
341 1579 432 1663 prius
451 1602 547 1664 quam
568 1582 822 1646 emolumentum
841 1579 1032 1643 laboris’t
982 1583 1032 1643 1nt
1034 1581 1104 1643 ueri

89 1675 246 1753 oportere.
300 1667 389 1733 Scito
420 1669 523 1754 igitur
553 1671 694 1755 primum
726 1670 831 1734 colere
860 1690 920 1732 nos
952 1668 1104 1733 interam-

88 1781 219 1841 nanum,
244 1758 441 1823 Amazonico
466 1758 597 1823 flumine
620 1760 727 1824 locum
751 1780 888 1841 omnem,
911 1778 975 1840 quo
1000 1757 1104 1822 consi·

89 1849 213 1931 stimus,
236 1847 406 1926 ambiente,
431 1870 468 1913 eo
492 1848 605 1912 fluenti
625 1848 753 1912 circiter
772 1847 889 1930 spatio,
912 1849 949 1909 ut
972 1868 1040 1911 una
1064 1847 1105 1910 sit

89 1938 251 2020 aditioula,
275 1959 375 2021 eaque
397 1939 451 2002 vix
474 1936 597 2002 adcolis
620 1941 707 2019 nota,
729 1958 793 2020 qua
815 1939 941 2018 septum
959 1933 1105 2000 fluminis

48 2047 74 2087 ro
88 2028 140 2092 vel
163 2028 305 2110 inrumpi
330 2030 481 2110 oporteat
504 2027 556 2092 vel
579 2027 714 2110 emergi,
744 2026 873 2108 eiusque
903 2022 988 2087 alvei
1012 2029 1106 2088 tanta

89 2121 139 2180 est
154 2115 338 2195 difficultas
358 2121 481 2200 quanta
501 2137 561 2179 nos
581 2138 600 2178 a
619 2114 785 2199 quibusvis
799 2111 950 2197 periculis
963 2115 1106 2178 tueatur.

89 2202 161 2268 Hoc
191 2205 291 2288 igitur
322 2205 452 2269 tantillo
484 2206 518 2269 in
547 2205 618 2268 loco
651 2203 788 2267 ducenta
818 2201 908 2265 milia
938 2201 1104 2286 virginum
1122 2209 1154 2262 71.

90 2293 230 2370 coimuS,
253 2292 342 2355 nullo
367 2294 499 2358 omnino
523 2293 605 2356 mari
625 2315 703 2357 sexu
721 2291 948 2373 interpolatae.
991 2289 1106 2355 Enim-

89 2401 166 2442 vero
196 2379 299 2442 sicubi
328 2380 423 2444 nobis
454 2381 493 2444 ad
521 2385 673 2445 naturam
698 2385 747 2445 est
771 2377 1017 2462 consulendum,
1049 2402 1106 2444 an-

48 2486 187 2531 renuum
212 2488 337 2530 sacrum
362 2472 419 2549 est,
447 2469 531 2553 quod
550 2469 774 2553 hippophonia
793 2468 985 2533 vocitamus.
1024 2467 1107 2533 Eius

90 2556 173 2620 sacri
193 2577 290 2620 causa
309 2555 349 2620 ad
367 2579 474 2622 mares
494 2565 634 2641 nostros,
655 2559 710 2643 qui
730 2558 817 2621 ultra
837 2577 965 2620 amnem
985 2558 1106 2621 extrin-

94 2667 184 2709 secus
208 2645 430 2729 perpalantur,
455 2670 566 2711 omnes
590 2647 690 2711 ferme
713 2646 889 2710 transimus
913 2649 1011 2728 atque
1036 2645 1107 2710 illie

182 2891 453 2947 llaurlatiorMoi¹.
491 2898 507 2946 2
528 2908 610 2961 agere
628 2891 657 2945 in
671 2891 782 2971 paceP.
803 2906 884 2959 mage
904 2907 967 2943 enm
987 2906 1058 2959 pace
1071 2892 1105 2945 A.

88 2965 229 3017 4noeA
258 2980 309 3017 vos
331 2964 364 3016 P
438 2963 608 3018 bnobieA.
637 2960 773 3017 vobisl.

176 3032 1049 3101 eeiopeneA.reoperiA.1eem01umenum
1070 3033 1106 3087 A.

88 3105 259 3158 emulentum
274 3104 308 3159 P.
349 3111 380 3158 17
400 3105 570 3160 Amazonico
588 3105 643 3159 Mr.
667 3102 953 3158 amaehonieoA.P.
994 3109 1026 3157 18
1046 3121 1106 3156 am-

87 3175 210 3230 bientem
235 3191 302 3230 corr.
328 3192 361 3230 ex
385 3175 526 3230 ambiente
551 3179 586 3229 A.
622 3174 769 3244 spatioque
792 3176 824 3227 ut
848 3174 880 3227 P.
915 3172 1006 3242 spatio
1032 3191 1107 3242 quae

86 3249 119 3300 nt
137 3247 172 3300 A.
219 3253 250 3300 19
271 3263 326 3315 qua
343 3247 379 3300 A.
408 3264 461 3315 que
481 3248 514 3301 P.
548 3248 658 3316 septum
677 3247 790 3314 compsi,-
812 3246 919 3314 septem
938 3245 973 3298 A.
983 3246 1017 3299 P.
1047 3245 1106 3299 vim

86 3336 131 3401 (--
142 3333 190 3399 Vl)
206 3336 279 3388 Keil
312 3333 434 3390 fluminis
453 3352 522 3389 corr.
542 3337 573 3389 io
591 3335 757 3388 fluminaA
812 3341 845 3387 20
865 3334 911 3387 vel
929 3332 1054 3402 inrumpi
1069 3335 1105 3388 A

86 3405 208 3473 inrumpi
235 3407 267 3458 P.
348 3412 382 3460 23
406 3407 490 3461 maris
515 3408 595 3474 (corr.
620 3423 653 3460 ra
676 3404 758 3469 mari)
782 3421 848 3457 sexu
872 3403 1044 3472 interpolato
1069 3405 1105 3458 A.

84 3475 171 3528 maris
195 3493 276 3528 sexus
299 3477 328 3530 in
330 3479 469 3547 terpolate
494 3479 526 3532 P
609 3482 643 3531 25
663 3475 858 3545 hippophonia
877 3475 933 3531 Mr.
960 3475 1107 3545 ippofama

68 3547 106 3598 A
114 3545 149 3598 P.
227 3553 264 3602 26
284 3549 361 3606 ultro
380 3551 417 3606 A.
494 3556 527 3606 27
547 3549 733 3621 perpelantur
755 3549 790 3601 A
