2414 3826
109 153 173 218 146
267 140 271 147 ’
525 153 633 209 nana
649 153 697 208 ui.

107 316 324 381 internuntius
347 316 411 381 hue
433 315 569 382 adveni?
605 315 651 382 llt
672 317 786 402 regina
807 319 883 401 post
906 318 1002 384 haee:
1028 319 1121 386 ‘Esto

108 404 209 489 sane,'
240 405 360 489 inquit,
387 403 586 489 ‘Antigonus
617 405 704 489 apud
730 409 870 488 eeteros,
899 406 981 471 mihi
1012 411 1121 474 tamen

105 514 193 560 nuno
216 493 399 558 Alexander
426 515 482 557 rex
510 494 583 557 eris.
628 493 743 579 Neque
765 495 911 560 nesciens
939 496 972 561 id
1000 495 1121 583 habe03
1147 578 1150 585 Ι

106 583 194 648 haud
226 581 371 647 differam
400 580 656 665 probationem'
710 582 756 646 Et
785 605 860 648 oum
889 584 976 650 dicto
1008 585 1122 670 adpre·
1139 597 1159 649 d

79 671 250 741 ahendens
280 671 315 735 in
348 670 460 755 penita
487 671 636 755 perducit
672 672 813 755 olimque
845 674 1011 757 provisam
1039 675 1121 741 ima·

107 760 216 845 ginem
242 759 393 824 ostendit.
439 757 655 844 ‘Agnoscisne
661 756 682 843 ,⁹
714 760 774 844 ait,
802 759 999 827 ‘Alexandri
1023 763 1121 849 illius,

107 870 201 933 quem
224 849 356 912 mentiri
378 870 445 913 non
466 852 575 932 potes,
604 847 745 913 faeiem?
792 848 856 914 Sed
885 850 1044 935 quidnam
1074 853 1121 918 in·

105 938 269 1002 tremuisti
291 941 360 1002 tam
379 937 504 1021 trepide
525 936 642 1021 quidve
663 937 806 1002 turbaris
830 960 869 1002 ex
887 935 1003 1004 vultu?
1045 939 1121 1006 Non

106 1027 161 1091 ille
180 1031 217 1091 tu
235 1026 409 1091 Persarum
427 1031 544 1110 potens
564 1024 620 1090 es?
644 1047 711 1089 non
729 1025 842 1092 Indiae
862 1027 1035 1093 dominus?
1054 1053 1121 1096 non

65 1144 91 1184 ro
105 1117 160 1200 qui
193 1117 258 1180 iam
292 1116 449 1181 orientem
482 1136 611 1179 omnem
644 1114 837 1199 trophaeum
869 1118 962 1180 tuum
994 1117 1122 1204 feceris,

104 1204 235 1268 Parthis
260 1208 292 1268 et
315 1203 417 1268 Medis
441 1200 654 1286 imperitans?
695 1200 749 1267 An
772 1225 848 1270 vero
872 1209 905 1269 te
927 1205 1028 1289 pudet
1051 1207 1120 1272 sine

104 1293 224 1357 militia
247 1292 298 1357 vel
322 1291 526 1376 expeditione
554 1292 587 1357 in
614 1313 730 1356 manus
758 1292 898 1358 feminae
927 1293 1120 1361 devenisse?

105 1381 210 1457 Quare
234 1380 354 1458 conice,
378 1401 510 1463 quaeso,
533 1380 610 1463 quid
632 1384 665 1444 te
689 1381 809 1446 iuvarit
830 1385 888 1446 tua
910 1381 969 1447 illa
992 1382 1119 1450 famosa

102 1469 288 1553 prudentia,
316 1490 390 1533 cum
416 1489 501 1533 nuno
525 1466 706 1534 Candaoem
734 1471 784 1534 tui
811 1470 929 1535 videris
958 1472 1118 1538 sollertio-

5 1567 28 1601 ’-
64 1584 89 1625 rs
104 1578 181 1621 rem.
231 1555 322 1632 Quod
353 1556 453 1641 igitur
480 1557 543 1621 huc
574 1558 707 1641 attinet,
739 1559 966 1644 adrogantiam
997 1561 1116 1626 nimiae

66 1638 68 1645 ’
103 1644 295 1728 prudentiae
319 1645 385 1710 iam
408 1644 582 1728 deponito?

194 1731 252 1799 39.
289 1732 380 1799 Haec
411 1734 470 1798 illa
503 1734 627 1816 dicente
659 1756 718 1799 nec
747 1735 839 1801 vultu
867 1740 1017 1801 constare
1040 1737 1115 1803 Ale·
1131 1743 1159 1797 tl

103 1822 233 1908 xander,
256 1823 334 1908 quin
357 1823 455 1887 etiam
478 1822 660 1888 infrendere
684 1822 835 1888 dentibus
853 1824 1036 1893 videbatur.
1072 1826 1116 1892 Et

103 1912 216 1997 regina
243 1912 430 1977 subridens:
459 1911 560 1988 ‘Quid
587 1915 620 1976 te
648 1910 763 1996 iuvat‚'
792 1913 912 1997 inquit,
935 1911 1034 1980 ‘haec
1060 1921 1115 1981 tua

60 2029 89 2071 ao
102 2002 203 2067 tacita
231 2001 414 2088 indignatio
441 2001 488 2066 sie
513 2001 710 2066 saevientem
736 2001 802 2083 vel,
835 2002 863 2066 si
892 2003 1043 2088 mavelis,
1069 2005 1114 2069 in·

103 2089 317 2156 sapientem‘l'
356 2090 407 2154 Ad
430 2090 511 2155 haec
534 2091 589 2155 ille
609 2087 697 2154 ‘Una
714 2089 926 2155 mihi—nam
946 2114 1024 2156 sane
1042 2115 1114 2176 pro·

101 2179 259 2243 fitendum
282 2182 332 2243 est
345 2177 397 2225 -'
422 2178 477 2263 ait,
501 2178 564 2244 ‘vel
583 2177 726 2242 maxima
743 2178 925 2263 indignatio
946 2184 1005 2264 est,
1030 2181 1114 2266 quod

101 2266 182 2330 mihi
206 2267 334 2352 gladius
358 2288 449 2331 meus
472 2267 535 2332 hue
559 2288 665 2331 comes
688 2287 754 2331 non
784 2267 847 2332 sit.'
894 2267 956 2333 ‘Et
984 2271 1114 2334 cuinam

101 2352 195 2435 usui,'
215 2354 329 2438 regina
342 2354 518 2439 respondit,
537 2354 693 2439 ‘gladium
707 2356 766 2419 tibi
786 2377 873 2421 nunc
887 2357 1112 2441 requisisses?

60 2471 86 2511 25
101 2440 146 2505 At
175 2442 243 2505 ille:
274 2439 386 2517 ‘Quod
416 2443 500 2506 enim
529 2443 563 2507 in
590 2443 814 2510 huiuscemodi
841 2448 987 2530 tempore
1018 2450 1113 2532 atque

100 2531 197 2594 rebus
220 2531 329 2615 regale
354 2530 527 2595 admodum
551 2554 668 2597 munus
692 2533 784 2615 foret,
807 2534 981 2600 interfecta
1004 2540 1038 2600 te
1061 2559 1130 2601 (ιο-Ι

99 2619 212 2684 mitem
240 2641 292 2684 me
315 2619 513 2703 praemissae
536 2621 634 2685 morti
656 2622 871 2706 praestitisse,
900 2645 939 2688 ne
964 2625 1042 2707 quid
1070 2625 1113 2689 sit

99 2708 234 2792 foedius,
253 2709 338 2793 quod
351 2709 546 2794 praeteritas
564 2713 696 2774 nostras
711 2710 832 2795 glorias
848 2711 1111 2778 obumbraverit?

99 2795 269 2881 ‘Accipio,'
296 2798 403 2883 inquit
426 2796 585 2882 Candace,
609 2796 860 2882 ‘professionem
885 2800 1017 2886 dignam
1041 2803 1111 2867 viro

188 3032 204 3080 3
223 3041 297 3080 nunc
310 3025 344 3080 P.
364 3025 470 3080 nomini
484 3026 519 3082 A.
567 3033 584 3080 4
603 3027 653 3081 aut
671 3025 797 3079 differam
811 3026 847 3081 A.
867 3027 942 3081 haud
962 3028 1060 3085 differo
1077 3033 1109 3085 P.

97 3101 113 3149 5
134 3096 248 3165 poenita
266 3097 302 3151 A.
327 3097 466 3165 pervisam
485 3098 520 3153 A.
567 3104 581 3151 7
601 3114 684 3165 quem
704 3096 735 3151 P.
760 3112 844 3171 quam
863 3098 898 3150 A.
944 3105 960 3153 8
979 3101 1038 3154 tam
1057 3104 1111 3155 tre·

97 3167 164 3236 pide
189 3184 238 3222 om.
260 3167 294 3220 P.
332 3167 406 3221 Num
431 3167 479 3221 ille
502 3169 650 3223 Persarum
670 3168 704 3221 P.
792 3172 825 3222 10
845 3169 981 3225 orientem
1000 3188 1111 3227 omnem

98 3239 172 3319 Mai.
211 3237 346 3300 orientem
366 3255 448 3293 omne
467 3238 502 3321 A,
543 3238 618 3293 Num
637 3239 706 3308 quid
724 3239 780 3292 iam
799 3238 828 3291 in
847 3240 955 3294 oriente
974 3258 1058 3297 omne
1077 3244 1109 3297 P.

98 3314 130 3363 11
150 3326 294 3461 lmtllllalll
312 3309 364 3435 dio
373 3382 408 3434 A.
420 3310 674 3436 1tliilll’destssRmihi
693 3380 803 3463 gladips
822 3383 864 3436 bis
883 3351 1017 3452 scapton
1035 3387 1067 3439 iu
1076 3386 1108 3441 P.

98 3455 133 3504 24
152 3451 268 3519 requiris
281 3451 314 3504 P.
358 3458 391 3506 27
411 3453 584 3521 praestitisse
595 3453 630 3509 A.
650 3455 854 3521 praestitissem
867 3453 900 3506 P.
939 3461 972 3508 29
992 3456 1109 3525 Accipio

84 3535 155 3573 cerr,
174 3538 211 3576 ex
228 3521 338 3593 Accipe
356 3522 394 3581 A.
