2414 3826
408 156 524 214 uerus
542 156 765 214 anaxauoru.
1072 157 1093 221 9
1148 139 1152 147 ’

77 321 230 423 visitatus
259 342 325 386 una
354 320 489 404 agebat3
516 342 618 422 neque
650 318 872 422 enimuvideri.
895 340 930 384 se
956 340 997 420 ex
1025 321 1095 383 arte

78 408 662 584 &att033t⁰⁰333²lal33lt
680 408 890 583 “lallllll
904 406 1096 581 litut,

79 586 169 673 quod
195 587 251 652 ille
275 592 450 671 conseptus
474 608 540 652 non
568 607 607 651 ex
630 585 689 653 deo
714 586 840 652 mulieri
862 584 956 651 foret.
1003 584 1094 661 Quod

79 699 154 742 eum
196 676 329 742 auribus
366 673 574 741 Neetanabus
615 679 806 760 usurpasset
847 674 1122 758 conviviumques

79 765 208 831 celebre
238 768 272 830 et
300 765 427 849 regium
454 766 623 847 pararetur
654 764 696 830 ob
724 764 942 830 reversionem
973 762 1096 828 scilieet

79 853 225 938 Philippi
248 856 360 918 votum
384 875 422 918 ao
445 852 620 936 redditum,
648 854 794 918 omnium
822 855 894 918 eret
916 853 1019 917 visere
1043 852 1096 917 da·

79 942 199 1029 psilern
223 943 303 1008 setis
327 940 539 1024 diffusamque
562 940 739 1024 lasciviam,
760 963 820 1006 neo
843 943 954 1006 temen
972 940 1096 1026 Philip·

78 1054 160 1116 pum
173 1030 314 1097 frontm
328 1031 362 1096 in
377 1029 535 1095 laetitiam
553 1029 741 1113 explicasse,
762 1029 848 1113 quod
862 1032 1097 1114 praegnantem

80 1119 314 1204 Olympiadem
333 1118 506 1185 admodum
526 1119 735 1203 suspectaret.
767 1117 858 1203 Ergo
877 1121 914 1182 ut
932 1118 998 1182 iam
1016 1120 1095 1181 tem·
1111 1140 1137 1182 10

80 1231 143 1294 pus
167 1208 362 1274 convivendi
390 1210 474 1292 eret,
502 1208 613 1273 statim
643 1228 677 1272 se
705 1206 808 1272 reficit
830 1205 1040 1272 Nectenebus
1065 1210 1097 1269 et

79 1296 240 1364 reformet
262 1297 297 1362 in
318 1295 412 1361 illum
431 1296 579 1362 draconis
599 1294 739 1380 quidem,
762 1296 819 1360 sed
843 1294 1022 1366 auctiorem
1041 1295 1098 1359 eli·

82 1386 278 1472 quantulum
290 1388 432 1451 tractum
452 1404 554 1470 eoque
573 1383 794 1469 reptabundus
808 1385 986 1450 triclinium
1000 1405 1097 1468 pene-

80 1479 163 1557 tret,
191 1478 263 1541 tum
292 1473 482 1559 spectabilis
510 1473 629 1557 speeie,
656 1477 726 1538 tum
754 1473 923 1539 maiestate
952 1473 1096 1557 eorporis

80 1564 196 1644 totius,
217 1567 289 1627 tum
312 1563 409 1628 etiem
434 1563 582 1628 acumine
606 1561 777 1629 sibilorum
802 1562 881 1628 adeo
901 1562 1040 1628 terribili
1065 1565 1098 1627 et
1113 1583 1139 1624 15

82 1653 204 1735 divino,
219 1655 257 1716 ut
270 1652 483 1716 fundamenta
497 1652 595 1717 etiam
609 1651 814 1737 parietesque
829 1652 991 1717 oonolavis
1007 1652 1099 1736 quati

82 1763 120 1808 aa
140 1741 261 1807 motari
278 1741 473 1806 riderentur.
518 1739 642 1806 (leteris
661 1740 763 1826 igitur
781 1741 1042 1824 prosultentibus
1061 1761 1099 1805 eo

83 1829 310 1897 delabentibus
336 1834 439 1913 metu,
466 1850 531 1894 une
555 1828 736 1914 Olympias,
764 1851 827 1914 quo
856 1829 953 1895 fidem
976 1829 1100 1894 faceret

82 1919 193 1986 divino
216 1917 427 1998 commercio,
450 1939 583 1983 menum
607 1918 771 2003 protendit
795 1918 836 1982 ad
859 1918 1008 1983 bestiam.
1052 1915 1099 1981 At

81 2030 159 2074 vero
188 2007 303 2092 draco,
333 2009 370 2072 ut
397 2006 578 2072 lubentiam
607 2006 657 2070 sui
684 2006 853 2088 proderet,
881 2008 913 2069 et
940 2007 1037 2089 eaput
1065 2005 1098 2069 iu
1113 2026 1140 2066 eo

84 2099 193 2162 sinum
224 2096 370 2161 mulieris
401 2095 546 2160 extendit
576 2097 609 2158 et
640 2115 734 2158 omne
765 2114 883 2179 agmen
911 2092 946 2156 in
976 2092 1097 2175 spiram

83 2186 287 2250 mansuetius
317 2183 441 2269 colligit
470 2187 503 2249 et
531 2182 669 2267 genibus
694 2183 828 2267 sinuque
853 2181 997 2246 mulieris
1021 2180 1099 2245 iusi·

82 2274 163 2339 dens
190 2277 378 2357 promptum
411 2293 447 2338 os
478 2271 618 2356 porrigit
654 2274 688 2336 et
716 2293 787 2336 oum
814 2270 939 2337 bisulco
968 2271 1099 2356 linguae

84 2363 215 2429 vibratu
234 2363 381 2428 osculum
404 2361 513 2427 uxoris
538 2360 688 2445 adfectat,
711 2361 849 2446 nequid
872 2361 1003 2427 omnino
1025 2381 1099 2427 oon·
1168 2404 1172 2411 -

83 2450 188 2543 iugali
210 2450 285 2517 fidei
304 2451 432 2515 deesset
454 2449 540 2534 apud
563 2472 637 2515 eum
660 2451 823 2534 maritum,
847 2451 898 2516 oui
921 2451 997 2515 talis
1016 2450 1099 2515 visio
1114 2469 1141 2510 aa

83 2540 283 2625 proderetur.
329 2537 391 2604 Hie
414 2538 585 2622 Philippus
610 2560 674 2604 una
697 2543 786 2604 metu
809 2560 937 2622 unaque
962 2538 1100 2604 admira-

83 2630 172 2694 tione
196 2627 342 2693 discedit
389 2624 451 2692 Sed
479 2627 566 2692 ultra
588 2624 798 2693 Nectanabus
828 2627 1004 2710 inspiciens
1028 2627 1100 2691 dra-

85 2739 198 2783 eonem
223 2717 323 2782 vertit
350 2720 383 2780 in
411 2715 552 2802 aquilam
580 2719 614 2781 et
641 2717 754 2782 uolatu
778 2715 910 2780 sesessit
938 2736 955 2778 e
984 2715 1100 2779 medio.

84 2805 175 2893 Tune
203 2826 242 2870 ex
270 2804 484 2870 admiratione
513 2804 640 2870 sobrius
669 2803 855 2887 Philippus:
884 2800 928 2867 ‘0
956 2801 1099 2886 eoniux‚'

177 3029 286 3086 lenim
305 3047 355 3087 om.
375 3031 409 3087 P.
464 3031 641 3086 tredditum
660 3037 687 3086 1.
716 3030 838 3086 reditum
857 3031 890 3086 P.
953 3034 986 3084 10
1006 3028 1099 3096 Olym·

84 3105 200 3175 piedem
218 3104 361 3173 (damffl.
384 3101 532 3157 mulierem
542 3103 575 3159 P.
623 3107 656 3156 12
676 3102 725 3157 sed
745 3100 899 3156 auctiorem
909 3108 937 3154 Τ.
961 3100 1100 3155 seductio·

83 3192 144 3231 rem
164 3176 198 3229 P.
251 3180 284 3229 13
304 3189 392 3242 eoque
410 3179 437 3229 ’.1.
467 3174 547 3242 eique
566 3173 598 3230 P.
646 3178 680 3228 14
700 3172 864 3242 spectabilis
882 3173 962 3243 Epit.
992 3174 1099 3241 speeta-

84 3246 138 3302 bili
156 3246 222 3303 1.Ρ.
267 3251 299 3300 19
320 3245 356 3298 ad
373 3245 456 3317 Berp.
486 3261 522 3300 en
542 3243 576 3298 P.
618 3249 652 3299 21
673 3245 702 3299 et
720 3259 802 3298 omne
820 3244 853 3299 P.
882 3244 952 3297 haee
971 3259 1052 3298 omne
1071 3248 1099 3296 1.

85 3317 238 3443 21112
266 3316 425 3441 ’1)ἕὲἫέ
423 3321 542 3441 'aredio
552 3313 856 3455 lnilllllallthll
874 3312 1100 3440 lellrteltlll

83 3459 202 3540 linguae
220 3456 333 3513 vibrato
351 3457 385 3513 P.
444 3462 477 3512 21
496 3456 650 3530 inspiciens
672 3455 706 3514 P.
736 3456 906 3530 inspitienti
919 3455 1116 3528 proposuit.

79 3530 212 3583 manans
228 3527 361 3586 BnKerZ
