2414 3826
135 161 200 224 140
552 158 662 213 LIBER
678 158 727 218 ΙΙΙ.

135 323 245 389 calens
268 321 464 388 industriam
487 319 650 386 dedisses?
697 321 797 407 Ergo,
819 324 856 386 ut
879 322 1053 387 consilium
1077 323 1147 406 fuit,

134 413 267 476 inruunt
298 414 392 476 nocte
424 410 630 476 barbaricam
662 411 827 475 civitatem
865 413 898 474 et
933 410 999 475 iam
1034 433 1147 478 somno

135 499 251 564 deditis
276 500 521 583 superveniunt3
549 499 678 564 iniectis
702 498 839 583 denique
867 498 1008 564 flammis
1037 502 1148 565 omnia

135 588 334 672 conflagrare
365 610 438 653 cum
472 589 572 673 septis
603 609 717 653 somno
748 587 973 652 nuntiarentur
1002 609 1149 654 causam·

108 697 197 761 sque
217 681 429 760 superventus
447 676 535 741 haud
553 677 649 742 dubie
673 676 911 760 cognovissent,
933 676 1080 761 undique
1103 679 1149 742 in·

135 770 260 849 crepari
283 766 419 831 classico
442 766 542 849 iubet,
566 763 739 831 Candaulis
758 764 853 829 illum
871 765 1047 831 exercitum
1071 788 1150 832 uxo-

134 876 203 918 rem
227 876 296 919 esse
320 854 505 940 repetentis.
552 852 658 930 Quare
680 854 758 918 boni
782 853 1004 938 consulerent,
1028 856 1057 919 si
1081 856 1150 939 regi

135 965 215 1008 uxor
247 945 396 1028 protinus
426 944 627 1026 redderetur,
661 941 746 1026 quod
776 942 814 1006 ni
841 941 1009 1026 fecissent,
1042 945 1149 1009 omnis

135 1033 249 1097 civitas
273 1033 401 1116 direpta
423 1032 587 1097 hostiliter
611 1030 834 1114 conflagraret.
879 1029 919 1094 Id
942 1031 998 1096 ubi
1022 1031 1147 1098 civibus

94 1143 121 1183 ro
134 1123 244 1205 palam
273 1120 395 1186 factum
423 1124 487 1205 est,
514 1121 649 1185 inruunt
673 1119 768 1184 aedes
791 1119 923 1204 tyranni
950 1120 1149 1205 aedibusque

134 1209 326 1293 praefractis
358 1205 526 1273 mulierem
553 1209 702 1292 protinus
731 1208 878 1273 reddunt.
927 1207 999 1273 Hoc
1029 1210 1149 1294 gaudio
1166 1218 1201 1268 53.

135 1295 316 1363 Candaules
347 1319 420 1362 cum
451 1297 583 1382 agendis
617 1297 734 1382 gratiis
769 1299 982 1381 occuparetur
1017 1299 1149 1383 eiusque

134 1385 289 1450 facinoris
313 1407 474 1450 summam
497 1406 595 1468 penes
618 1382 823 1469 Antigonum
847 1386 1039 1470 conlocaret,
1064 1409 1150 1453 com·

134 1475 248 1557 plexus
272 1495 345 1538 eum
363 1473 454 1539 hisce
473 1474 669 1557 adloquitur:
693 1472 758 1538 ‘Da
776 1495 896 1558 quaeso
915 1478 948 1539 te
966 1476 1058 1554 mihi,
1082 1474 1151 1539 An-

96 1583 121 1623 15
136 1559 267 1646 tigone‚'
293 1563 348 1642 ait,
371 1561 425 1626 ‘ad
444 1567 582 1627 matrem
600 1584 703 1647 usque
722 1563 921 1647 comitatum,
939 1566 977 1627 ut
994 1586 1055 1649 pro
1075 1586 1149 1630 con·

136 1650 231 1714 sultis
255 1651 320 1715 tuis
345 1673 364 1715 a
387 1673 438 1715 me
462 1673 589 1736 quoque
612 1652 765 1735 praemiis
788 1650 978 1716 munerare?
1024 1651 1150 1738 ‘Ergo',

135 1739 242 1823 inquit
265 1738 463 1820 Alexander,
493 1738 595 1804 ‘recte
619 1739 747 1824 feceris,
777 1740 805 1804 si
831 1740 865 1803 id
892 1739 1001 1823 ipsum
1030 1763 1149 1826 arege

135 1849 232 1910 super
262 1850 334 1894 meo
365 1829 496 1893 nomine
526 1829 711 1913 postularis.
764 1826 850 1894 Nam
883 1832 916 1893 et
948 1829 1029 1893 mihi
1061 1830 1150 1895 haud

135 1917 295 1982 mediocre
315 1917 457 1982 studium
481 1921 531 1982 est
554 1921 586 1981 et
604 1916 761 1982 videndae
782 1917 923 1982 civitatis
945 1922 1023 1981 tuae
1047 1922 1080 1983 et
1102 1940 1149 1983 re·

95 2026 121 2066 ao
135 2005 232 2090 ginaa
255 2006 378 2092 pariter
402 2005 612 2071 salutandae?
657 2005 772 2070 Monet
794 2005 896 2091 igitur
912 2006 1150 2090 Ptolomaeum,

135 2095 184 2158 uti
208 2096 319 2178 petitis
344 2095 500 2160 adnuerat
527 2116 661 2180 seseque
689 2094 834 2179 legatum
863 2116 901 2160 ac
928 2096 1081 2160 nuntium
1110 2096 1150 2160 ad

136 2181 319 2249 Candacem
341 2184 388 2247 ire
411 2183 592 2268 mandaret,
616 2187 648 2247 et
670 2182 880 2249 Ptolomaeus
903 2205 962 2265 pro
985 2184 1089 2268 iusso,
1113 2205 1150 2249 ac

136 2271 164 2334 si
192 2271 317 2354 petenti
341 2271 521 2354 adveniret,
548 2270 629 2335 facit
657 2295 694 2337 ac
722 2272 768 2337 sic
796 2272 857 2336 ait:
885 2270 945 2335 ‘Et
972 2272 1042 2355 ipse
1072 2294 1150 2338 sana

135 2358 224 2442 loqui
247 2380 305 2442 per
328 2358 454 2423 litteras
484 2381 561 2424 aveo
590 2381 664 2424 cum
687 2359 834 2426 Oandace
863 2365 897 2426 et
923 2361 1064 2445 gratiam
1089 2361 1150 2426 tibi

96 2445 264 2531 salaciam,
286 2450 324 2511 ut
347 2446 523 2532 desideras3
547 2469 683 2532 eumque
701 2449 797 2514 nobis
817 2470 913 2534 quam
933 2450 1075 2533 primum
1099 2471 1150 2515 so·

137 2535 256 2618 spitem
278 2535 462 2619 redhibet03
490 2535 575 2601 hunc
603 2537 689 2602 enim
716 2538 778 2603 tibi
805 2542 842 2602 ut
869 2538 1051 2621 meipsum
1076 2536 1150 2603 Ale-

136 2623 295 2690 xandrum
324 2626 432 2689 tecum
463 2625 600 2690 missum
630 2624 788 2692 habebis?
836 2625 903 2691 ‘Ita
934 2626 1037 2711 sanc,'
1068 2625 1150 2693 Oan-

228 2818 358 2872 lcalens
391 2816 559 2872 industriam
586 2818 686 2888 scrapsc'
713 2817 832 2874 Sellasia
863 2819 937 2874 oium
968 2824 1152 2888 monstrante,-

136 2886 223 2942 cslles
246 2886 385 2942 industria
403 2889 439 2946 A.
447 2889 481 2945 P.
554 2895 572 2943 4
595 2889 682 2958 septis
700 2889 734 2944 P.
763 2888 835 2959 sept'
860 2890 896 2943 A.
925 2889 1025 2958 sopitis
1048 2889 1150 2959 Klape.

137 2958 290 3014 ssclassico
310 2959 381 3014 Mai.
409 2960 505 3014 clauso
524 2960 560 3013 A.
587 2960 662 3014 claso
683 2960 717 3013 P.
792 2965 823 3012 11
843 2958 1010 3030 praefractis
1030 2960 1061 3014 P.
1089 2977 1151 3030 pre-

136 3027 218 3084 fectis
236 3028 273 3085 A.
306 3029 367 3085 Hoc
390 3030 493 3099 gaudio
513 3030 585 3086 Mai.
611 3030 672 3085 Hoc
695 3031 830 3100 gaudium
848 3031 921 3085 AP.
949 3029 991 3084 Ob
1009 3032 1064 3086 hoc
1083 3049 1150 3101 gau-

135 3100 230 3154 dium?
270 3106 302 3154 13
322 3101 476 3156 summaA.
515 3108 549 3155 14
563 3101 607 3154 his
618 3101 650 3157 P.
689 3108 722 3156 15
737 3101 871 3157 comitato
883 3102 917 3154 P.
955 3107 989 3156 16
1004 3118 1151 3156 munerare

135 3187 205 3225 corr.
220 3188 254 3225 aa
272 3188 417 3226 numerare
432 3172 469 3225 A.
489 3172 631 3227 munerari
645 3172 677 3226 P.
717 3178 749 3226 1⁷
769 3171 953 3227 benefeceris
967 3173 1001 3229 P.
1041 3178 1074 3227 19
1093 3191 1151 3227 me·

136 3240 230 3296 dicare
253 3241 286 3295 P.
312 3241 449 3296 medicare
468 3243 504 3299 A.
547 3248 580 3296 21
599 3241 705 3310 petitus
723 3243 756 3298 P.
798 3249 832 3298 22
851 3260 902 3312 pro
920 3243 997 3298 iusso
1018 3244 1076 3299 Mr.
1100 3259 1151 3313 pro

136 3312 206 3365 iussi
230 3312 264 3367 P.
293 3329 344 3381 pro
368 3311 447 3367 misit
470 3330 538 3368 corr.
562 3329 596 3369 aa
619 3329 670 3383 pro
694 3312 778 3368 iussit
800 3314 836 3368 A.
908 3318 942 3367 23
962 3314 1096 3369 advenire
1115 3315 1151 3370 A.

136 3383 273 3437 adnueret
291 3383 390 3438 Sellae.
466 3388 501 3437 24
520 3401 589 3440 aveo
611 3385 778 3440 Tticlmaua
801 3386 832 3440 ia
850 3385 983 3440 Arctioio
1007 3385 1153 3455 Wo'lfflim'

136 3453 324 3522 11,p.175.
352 3454 443 3508 habeo
466 3455 502 3509 A.
511 3455 544 3509 P.
636 3461 669 3509 25
693 3455 796 3510 faciam
818 3457 927 3524 scripsi.
964 3471 1050 3524 quam
1073 3457 1108 3512 A.
1117 3457 1150 3510 P.

122 3522 235 3590 sospito
255 3525 291 3578 P.
368 3531 404 3582 27
423 3524 544 3583 missum
562 3526 597 3584 P.
619 3525 684 3598 ipse
703 3527 739 3582 A.
