2414 3826
242 171 245 177 ’
298 232 301 237 ,
415 173 534 230 ORTUS
553 172 776 230 ALEXANDRI.
1084 174 1104 239 7

85 336 342 424 deprehendam
388 334 649 421 ‘Ne.metueris‚'
675 336 729 402 ille
752 337 927 421 respondit,
953 336 1103 423 ‘opitula-

85 429 173 493 bitur
197 428 285 493 enim
307 426 449 492 Ammon
472 426 502 490 ei
524 425 615 503 vitio,
639 424 724 509 quod
748 427 861 510 suasit,
883 447 1021 511 eumque
1045 450 1103 513 per

85 517 250 582 somnium
274 536 371 599 super
397 515 485 581 facto
509 513 650 594 docebit,
678 514 820 598 nequid
848 515 911 581 tibi
939 517 1002 580 iste
1032 538 1102 582 suo-

84 609 230 689 eenscet,
259 603 344 688 quod
372 603 455 669 sciat
483 603 560 668 deos
584 603 728 668 omnium
751 607 901 687 potentes
926 603 1017 669 esse!
1063 604 1100 670 In

82 695 171 761 hunc
185 694 287 779 igitur
301 692 432 758 modum
444 691 613 776 Olympias
628 691 763 777 magicis
779 692 904 757 artibus
915 691 1100 760 ducebatur.
1116 713 1128 754 s

174 781 237 848 Sed
251 780 459 847 Nectanabus
480 781 543 864 sibi
563 801 690 845 sacrum
704 781 891 864 accipitrem
905 787 1001 866 parat
1016 805 1101 847 eum·
1115 787 1192 845 v111.

83 895 147 958 que
171 870 327 937 seoretius
350 873 462 935 monet
487 869 534 932 ire
558 868 598 932 ad
622 867 807 952 Philippum
832 875 866 934 et
889 871 991 956 loqui,
1019 893 1101 956 quae

82 964 155 1044 ipse
179 958 399 1026 mandaverat.
446 957 620 1042 Pergitque
648 958 695 1022 ire
725 958 805 1040 ales,
833 961 871 1022 ut
894 959 1018 1024 iussum
1042 964 1101 1043 est,

82 1072 141 1135 per
159 1055 264 1114 terras
284 1051 317 1112 et
334 1068 423 1112 mare
443 1045 696 1131 Philippumque
716 1050 920 1129 pernoctem
940 1048 1100 1112 adsistens

82 1138 248 1205 mandatis
267 1135 475 1220 opinionibus
496 1135 646 1219 complet.
678 1133 803 1219 Quippe
817 1135 951 1200 territus
972 1136 1098 1201 somnio
1116 1160 1140 1198 ιο

82 1228 282 1310 evocatoque
306 1247 362 1289 rex
387 1223 590 1289 somniorum
613 1223 791 1307 interprete
821 1224 867 1289 sic
895 1224 955 1290 ait:
984 1223 1099 1307 ‘Vidi‚’

82 1316 206 1401 inquit,
233 1314 304 1398 ‘per
327 1312 469 1398 quietem
493 1312 585 1377 deum
610 1312 784 1396 quendam,
813 1312 896 1379 facie
919 1314 1098 1378 formosum

81 1409 115 1470 et
139 1403 259 1470 canitie
283 1402 499 1468 caesariatum
522 1401 639 1485 capitis
663 1404 695 1466 et
719 1422 831 1486 genae,
855 1402 965 1466 arietis
989 1406 1098 1473 tamen

81 1492 234 1559 cornibus
262 1489 469 1576 insignitum.
500 1489 724 1574 supervenisse
752 1489 938 1575 Olympiadi
968 1492 1098 1577 coniugi

81 1603 173 1649 meae
204 1601 300 1664 seque
330 1580 382 1643 illi
410 1579 535 1662 nuptiis
566 1577 754 1643 miscuisse?
805 1578 929 1655 Quibus
957 1582 1096 1664 patratis
1113 1603 1138 1644 rs

79 1672 162 1736 haec
181 1670 281 1735 etiam
299 1669 399 1733 verba
417 1667 597 1732 addiderat:
620 1666 818 1753 ‘Excepistif
838 1669 953 1753 inquit,
978 1666 1008 1734 ὀ
1028 1692 1097 1734 mu·
1147 1714 1150 1720 -

80 1761 150 1844 lier,
173 1779 297 1823 merem
316 1757 428 1841 filium,
451 1755 506 1839 qui
525 1755 655 1820 adserat
677 1760 709 1822 te
733 1761 765 1821 et
788 1757 890 1842 patris
914 1758 1004 1823 ultor
1026 1780 1096 1823 esse

80 1845 253 1915 laudetur?
293 1846 375 1910 Tum
395 1844 539 1910 mulieris
559 1845 700 1930 virginal
719 1845 809 1910 biblo
829 1840 1002 1930 contegere
1022 1869 1095 1911 con-

80 1939 275 2023 signareque
298 1935 416 2000 annulo
441 1955 538 1998 aureo
556 1934 731 2014 visebatur,
755 1934 805 1998 oui
829 1935 1002 2017 inscalptio
1026 1940 1096 1999 erat

80 2027 160 2092 solis
188 2023 313 2110 effigies
343 2027 376 2088 et
402 2022 505 2088 leonis
535 2026 632 2107 oaput
659 2022 771 2085 hastili
801 2021 955 2085 subiecto.
1006 2021 1094 2097 Quae
1109 2047 1136 2085 ao

79 2137 155 2182 oum
170 2113 331 2196 vidissem,
350 2111 505 2196 accipiter
523 2110 753 2195 superveniens
773 2108 914 2175 excitare
933 2131 984 2173 me
999 2110 1094 2194 pulsu

79 2204 251 2270 videbatur
279 2203 413 2267 alarum.
460 2199 543 2275 Quid
571 2199 671 2283 igit-ur
699 2198 786 2263 istud
816 2200 880 2285 est,
906 2199 993 2283 quod
1022 2222 1094 2285 por-

79 2289 267 2358 tenditur?'
312 2288 397 2354 'lum
419 2288 594 2372 interpres:
619 2286 662 2352 ‘0
686 2287 849 2373 Philippa,
873 2310 984 2354 verum
1008 2289 1094 2354 istud

78 2386 131 2447 est
154 2401 215 2444 neo
239 2379 273 2444 in
292 2379 380 2443 eliud
399 2376 684 2462 interpretandum,
707 2380 745 2441 ut
763 2378 897 2461 adsolet,
919 2379 1094 2462 opinabile.

79 2469 173 2547 Quod
196 2467 282 2532 enim
305 2468 428 2552 signari
451 2466 564 2530 vidisti
586 2466 726 2551 virginal
751 2467 903 2551 feminae,
926 2467 1022 2533 fidem
1047 2469 1093 2532 rei
1108 2490 1134 2530 aa

78 2560 170 2624 visae
184 2560 332 2623 testatur.
366 2553 578 2640 Consignatio
595 2556 681 2618 enim
695 2554 774 2619 fides
790 2560 949 2638 astatque
965 2557 1094 2639 veritas,

78 2670 120 2714 ex
137 2668 200 2732 quo
219 2644 398 2732 praenest,
419 2643 505 2728 quod
524 2643 581 2707 illa
600 2644 796 2728 conceperit3
817 2665 911 2707 nemo
932 2644 1016 2707 enim
1036 2667 1092 2708 vas

77 2757 217 2802 vacuum
236 2732 486 2818 consignaverit.
518 2731 563 2796 Et
578 2731 658 2797 haee
675 2732 776 2814 biblo,
795 2731 913 2816 quippe
934 2752 1005 2795 oum
1022 2732 1092 2795 bib-

77 2826 130 2890 lus
150 2825 215 2888 ista
230 2824 282 2889 vel
302 2825 391 2887 carte
409 2820 527 2885 nullibi
547 2822 692 2905 gentium
710 2821 774 2885 nisi
793 2821 828 2883 in
846 2823 959 2883 nostra
977 2821 1092 2884 tellure

169 2979 318 3034 bmodum
338 2993 388 3032 om.
409 2977 442 3032 P.
472 2977 575 3045 magici
596 2978 630 3031 P.
689 2982 704 3031 Ἰ
725 2975 854 3031 secretim
873 2977 980 3031 uidetur
999 2977 1093 3046 lepisse

77 3054 201 3108 Iuratus.
228 3051 257 3105 et
275 3049 355 3119 loqui
366 3054 424 3102 -9
440 3047 659 3118 Philippumque
673 3063 723 3102 om.
734 3048 766 3101 P.
804 3053 819 3101 9
839 3062 945 3116 perque
964 3051 1052 3101 terras
1063 3053 1090 3103 Τ.

78 3129 112 3177 11
131 3121 284 3192 interprete
299 3120 449 3201 Berpqrde
465 3119 577 3190 Xiorep.
606 3119 773 3201 interpretes
783 3119 848 3173 nP.
889 3123 938 3200 Ι16
958 3119 1043 3171 verbo
1058 3119 1091 3174 P.

76 3191 485 3320 {totitatffllthm
505 3194 559 3314 12¹⁸
578 3194 843 3315 titilllth
858 3188 1090 3327 thoth?

74 3354 97 3392 a.
117 3352 142 3391 o.
158 3304 365 3403 iltegdvdobru:
391 3328 499 3400 ἐκλήθη
523 3303 554 3385 di
571 3327 702 3393 Ῥακῶτις
724 3331 773 3384 καὶ
789 3278 893 3398 ‘dolove'
906 3276 1092 3384 radiavit:

74 3411 156 3470 πολις
175 3403 224 3461 διὰ
242 3401 274 3459 cd
293 3401 346 3473 τὴν
365 3404 414 3472 τῆς
429 3400 618 3473 Ὀλυμπιάδος
636 3399 759 3471 γαστέρα
775 3396 967 3471 &opportebat
980 3397 1092 3462 λέοντος

75 3477 177 3534 εἰκόνι.
215 3479 250 3530 24
268 3473 451 3544 opinabileP.
482 3473 633 3545 opinavere
642 3479 670 3530 T.
708 3478 744 3530 ‘28
763 3473 938 3531 uacuumP.
957 3478 1112 3542 summu.

69 3549 240 3602 mannaan
271 3545 307 3598 Ut
322 3544 394 3599 bueo
413 3546 446 3601 P.
524 3554 560 3605 29
579 3548 640 3607 ista
658 3565 715 3611 om.
731 3556 764 3608 Ὦ.
803 3575 805 3579 ·
