2414 3826
149 172 212 236 144
564 169 673 224 niune
691 170 738 226 111.

146 338 217 400 erat
240 334 408 417 opiniones
432 333 638 397 intuentium.
683 331 746 398 Ast
769 333 824 398 alii
848 330 960 398 currus
984 333 1156 420 quadrigas

146 423 328 507 elephantis
356 422 475 487 iunctis
502 421 682 504 habebant,
712 443 831 506 eosque
859 422 977 505 ebeno,
1005 420 1058 487 oui
1087 443 1157 488 con·

146 512 236 576 color
270 510 377 575 bestia
411 511 479 575 veri
513 510 640 575 facilius
676 511 854 596 imaginem
888 511 1069 595 retinebat3
1106 511 1159 576 scd

146 600 258 663 subter
291 602 384 664 erant
416 599 575 682 impressa
606 599 741 683 pedibus
774 598 1023 682 elephantorum
1059 601 1160 683 capti·

117 710 260 752 avorum
289 710 424 772 corpora
452 687 734 752 subcumbentium
763 690 819 752 aut
846 688 965 751 innexa
993 688 1160 772 probosci-

146 777 240 841 dibus
265 797 493 860 suspensaque.
540 775 629 851 Quae
656 777 741 840 inter
763 776 873 841 omnia
900 776 933 840 id
962 797 1042 840 sane
1070 799 1159 861 prae·

146 864 1160 1038 3sstlttmrlttpttlitlltllattiAttalen

145 1044 302 1127 scalptas,
331 1043 499 1107 obsessum
530 1064 625 1106 omne
648 1041 700 1106 vel
728 1041 878 1126 frequens
901 1041 1038 1107 horrore
1068 1064 1159 1108 sacro

105 1155 131 1194 10
146 1132 184 1196 de
204 1133 398 1197 daemonum
416 1131 562 1195 vultibus
580 1130 738 1212 barbaris,
762 1129 817 1213 qui
840 1131 955 1213 plusne
974 1131 1159 1196 formidinis

146 1242 187 1284 an
211 1219 434 1285 admirationis
460 1219 589 1303 darent,
616 1218 704 1283 haud
727 1223 797 1283 erat
819 1218 946 1282 homini
969 1218 1160 1285 discernere.

144 1307 234 1372 Inter
257 1308 338 1373 haec
367 1311 400 1371 ct
424 1307 509 1372 celsa
535 1307 594 1372 illa
622 1311 719 1393 atque
747 1307 788 1371 ad
816 1307 940 1371 caelum
965 1309 1160 1392 suspicanda

145 1396 269 1479 palatia
283 1396 465 1459 interfluere
481 1396 676 1479 Argyritum
689 1396 809 1461 flumen
828 1399 861 1460 et
874 1395 974 1460 alium
988 1395 1160 1463 Pactolum

145 1484 280 1548 fluvium
300 1483 493 1567 mirabatur3
512 1485 567 1548 sed
587 1488 759 1570 utrumque
779 1484 907 1549 alveum
926 1506 1005 1549 auro
1026 1485 1160 1551 divitem

109 1592 134 1634 1⁵
150 1576 183 1636 ct
200 1593 278 1655 prae
296 1572 466 1636 nimietate
486 1573 556 1637 auri
574 1573 789 1639 interfluentis
809 1595 909 1657 aquae
928 1594 1056 1657 quoque
1076 1575 1160 1641 auri-

146 1664 278 1745 gantem
302 1661 456 1746 colorem,
483 1662 539 1727 sed
564 1683 676 1727 eorum
695 1663 773 1727 litus
792 1665 825 1726 et
843 1663 1009 1746 margines
1029 1663 1159 1728 insertis

146 1749 316 1814 arboribus
348 1751 589 1835 oonvirescunt,
619 1772 700 1835 quae
731 1751 834 1816 celsae
865 1751 932 1815 sint
962 1755 994 1815 et
1025 1751 1159 1833 odorae,

146 1859 263 1923 cypros
287 1838 426 1923 denique
449 1839 618 1926 gentiliter
640 1843 760 1905 vocant
785 1838 893 1904 fructu
918 1840 1011 1905 suavi
1035 1844 1069 1905 ct
1092 1863 1158 1906 um·

146 1927 252 1993 brosis
276 1927 444 1993 frondibus
468 1929 595 1994 divites.

105 2039 131 2079 eo
236 2014 294 2083 37.
328 2016 419 2083 Haec
441 2017 543 2104 igitur
572 2019 686 2082 cuncta
713 2037 786 2081 cum
809 2015 993 2082 Alexander
1020 2016 1157 2082 intuitus
1174 2027 1205 2078 59.

145 2110 244 2189 esset,
268 2106 481 2171 admiratione
504 2106 634 2190 quidem
658 2104 767 2169 debita
792 2105 988 2170 vincebatur.
1027 2104 1159 2191 Agebat

144 2194 178 2257 in
203 2195 350 2259 convivio
374 2215 444 2260 eum
466 2192 625 2260 Candauli
650 2193 826 2259 sororibus.
865 2192 1042 2259 Enimvero
1063 2217 1158 2279 quac

146 2281 189 2345 sit
213 2303 310 2365 quam
335 2282 484 2347 blandius
505 2287 582 2366 post
604 2287 740 2347 matrem
765 2280 960 2365 Candaules,
987 2283 1039 2348 uti
1062 2284 1158 2349 Anti·

146 2387 266 2451 gonum
290 2389 385 2432 suum
408 2392 468 2454 pro
492 2371 609 2434 merito
635 2371 759 2455 gratiae
783 2371 902 2456 regalis
922 2377 1159 2456 muneraretur,

106 2477 132 2518 25
147 2477 209 2539 quo
240 2454 378 2521 donatus
408 2479 468 2541 pro
497 2457 630 2523 fortuna
657 2463 768 2523 tantae
796 2460 928 2544 reginae
957 2460 997 2524 ad
1025 2462 1160 2546 propria

145 2544 294 2627 protinus
317 2549 486 2610 remearet.
529 2545 793 2631 Conprehensum
816 2549 917 2633 igitur
935 2547 1160 2616 Alexandrum

84 2688 86 2690 ,
146 2630 292 2698 Oandace
315 2656 373 2719 per
397 2636 504 2699 aulam
529 2658 620 2701 suam
645 2637 816 2721 omniaque
839 2637 949 2722 regiae
973 2642 1100 2703 secreta
1124 2659 1160 2703 ac

143 2722 324 2806 penetralia
354 2723 580 2810 circumducit,
611 2747 754 2791 secessus
785 2726 942 2809 quosdam
973 2726 1002 2791 ei
1031 2728 1160 2792 aedium

234 2973 250 3021 2
270 2968 407 3024 elefantcs
430 2969 540 3025 iunctos
564 2971 599 3024 A.
646 2970 893 3040 fiprobuscidibue
916 2972 948 3027 P.
1000 2977 1016 3027 ‘l
1035 2972 1109 3041 regii
1126 2973 1157 3028 P.

146 3044 162 3093 9
177 3055 259 3093 omne
272 3040 383 3095 veer.
404 3056 500 3095 omnes
514 3039 642 3097 velA.P.
681 3046 714 3095 10
728 3042 763 3095 de
778 3043 894 3096 deorum
901 3042 936 3097 A.
958 3042 1005 3110 qui
1017 3043 1158 3099 Mai.Mr.

145 3110 220 3232 quod
238 3109 273 3164 A.
282 3109 352 3234 Ρ.Ρ
400 3117 431 3165 11
452 3114 501 3166 aut
520 3113 581 3167 erat
599 3110 708 3167 homini
727 3111 886 3181 discernere
905 3113 940 3168 A.
974 3113 1081 3168 nemini
1100 3116 1159 3170 erat

165 3197 302 3235 iscernere
352 3222 357 3236 .

234 3250 283 3307 37.
312 3257 346 3306 20
365 3250 484 3308 intuitus
504 3255 578 3309 esset
596 3253 668 3312 Mai.
695 3253 857 3310 interisset
874 3256 909 3311 A.
936 3253 1010 3309 inter
1029 3258 1106 3311 esset
1125 3256 1157 3312 P.

145 3327 178 3376 21
198 3321 312 3389 quidem
333 3323 366 3377 P.
392 3324 529 3391 quaedam
547 3324 584 3379 A.
609 3325 729 3394 quadam
750 3325 822 3380 Mas.
880 3332 914 3381 22
935 3343 998 3380 cum
1016 3329 1082 3383 add.
1102 3327 1158 3382 Mr.

145 3391 247 3446 sororis
270 3392 306 3447 A.
339 3411 403 3448 cum
428 3394 588 3450 Candaulac
611 3396 744 3451 fratribus
762 3413 874 3466 propos.
898 3396 956 3451 Mr.
979 3414 1013 3453 ec
1037 3398 1158 3454 Graccis.

143 3466 178 3542 23
197 3478 281 3529 quom
300 3463 336 3518 A.
362 3481 418 3535 qua
438 3465 471 3518 P.
508 3468 591 3525 uerbo
610 3467 850 3538 ‘matrem-pro'
871 3483 922 3524 om.
941 3468 973 3522 P.
1049 3475 1083 3525 24
1102 3486 1158 3525 ma

127 3530 240 3589 ntol'.
319 3541 353 3591 26
374 3537 500 3594 donatur
518 3537 557 3596 A.
630 3545 663 3595 ‘t'l
685 3555 791 3594 acon.
810 3539 847 3592 P.
