2414 3826
126 186 192 249 214
245 183 424 240 EPISTOLA
443 181 658 237 ALEXANDRI
676 182 726 236 AD
745 179 1013 236 ARIsToTnLnM.

126 348 259 432 cognita
292 347 441 412 omnibus
473 345 630 428 perculsis
662 345 893 427 flentibusque,
926 345 981 428 qui
1014 365 1142 409 mecum

126 441 219 501 erant
241 436 388 500 comitati
415 435 536 518 palam,
560 437 593 498 et
616 433 692 519 quia
714 433 815 497 moris
839 435 921 511 erat,
949 432 1040 497 alind
1067 455 1143 499 con-

127 527 270 591 sulturus
294 525 414 588 intrare
437 524 621 607 vespertino
644 526 789 606 tempore
809 571 817 586 .
836 569 871 587 ..
908 518 971 585 Sed
994 523 1143 588 nondum

126 618 239 678 exorta
262 616 333 676 erat
354 613 444 695 luna,
468 634 541 676 cum
565 633 675 676 rursus
698 610 829 674 invitati
854 609 894 674 ad
916 611 1028 674 lucum
1050 612 1142 676 iuxta

99 725 234 767 ssacras
255 702 386 766 arbores
406 701 677 783 constitissemus3
695 722 770 764 mox
790 699 888 764 solita
907 701 1142 766 consuetudine

125 790 307 854 adoramus.
354 789 433 854 Tres
457 789 662 853 fidelissimos
685 788 874 852 induxeram
904 809 1032 853 mecum
1062 791 1142 854 emi-

125 900 190 961 cos,
212 878 398 943 Perdiccam
423 882 456 943 et
474 875 638 941 Clitonam
661 879 694 939 et
712 876 887 959 Philotam,
912 878 989 961 quia
1012 878 1141 943 nullum

124 968 309 1031 metuebam
328 968 492 1031 ultraneo
515 966 548 1029 in
567 987 618 1028 me
638 965 812 1048 quicquam
831 968 903 1029 erat
920 967 1140 1051 metuendum,

124 1057 179 1121 ubi
203 1057 367 1120 neminem
393 1054 443 1119 fas
472 1057 542 1118 erat
564 1053 709 1118 interfici.
757 1051 914 1120 Consulto
938 1053 1056 1138 igitur,
1084 1057 1139 1121 ubi

85 1168 111 1207 ιο
125 1145 301 1210 moriturus
326 1165 438 1209 essem.
485 1142 576 1208 Tunc
600 1143 640 1206 ad
659 1143 800 1225 primum
819 1144 916 1208 lunae
940 1147 1051 1207 ortum
1068 1167 1139 1228 per-

125 1255 219 1298 cussa
249 1255 349 1298 cornu
379 1232 614 1317 splendoreque
645 1236 777 1315 accepto
808 1233 906 1296 arbor
937 1230 1062 1298 Graece
1092 1255 1138 1298 re

125 1323 298 1406 spondens:
328 1320 371 1385 ‘O
395 1319 603 1404 Alexander,'
626 1320 746 1405 inquit,
774 1318 924 1405 ‘plenum
945 1320 1013 1385 iam
1043 1322 1139 1387 finem

125 1412 241 1475 aetatis
263 1411 374 1475 habes.
417 1409 478 1475 Sed
501 1409 649 1493 sequenti
672 1430 757 1473 anno
781 1430 891 1474 mense
909 1407 997 1474 Maio
1022 1410 1059 1474 in
1076 1411 1140 1477 Ba·

124 1499 243 1582 bylone
275 1499 437 1581 morieris3
471 1520 490 1562 a
521 1520 584 1582 quo
617 1498 748 1562 minime
786 1520 913 1582 speras,
946 1499 1139 1583 decipieris?

85 1609 110 1649 15
124 1587 207 1651 Tum
229 1589 378 1653 lacrimas
403 1587 500 1652 effudi
523 1586 680 1671 amicique
704 1587 767 1650 mei
789 1587 1065 1653 circumsistentes
1085 1590 1139 1654 fle·

124 1676 211 1741 bant.
261 1676 460 1761 Nullumque
489 1675 529 1740 ab
558 1677 604 1739 eis
633 1675 744 1739 dolum
775 1679 831 1740 aut
861 1677 964 1741 scelus
995 1679 1139 1762 cogitari

124 1769 391 1844 exsurrecturum,
410 1766 466 1830 sed
479 1765 585 1848 magis
603 1785 662 1846 pro
682 1785 754 1827 mea
773 1765 878 1830 salute
892 1769 1026 1847 paratos
1047 1768 1139 1835 mori.

123 1851 236 1937 Neque
260 1855 346 1918 enim
370 1875 430 1937 ego
451 1854 621 1939 quicquam
645 1852 683 1916 de
701 1852 900 1918 fidelissimis
922 1855 1003 1919 mihi
1023 1857 1138 1922 amicis

213 2062 361 2132 lcognita
379 2063 411 2117 V.
437 2061 558 2130 cognitis
577 2067 623 2116 eet.
660 2062 782 2131 perculsi
799 2062 833 2116 L.
891 2062 1037 2136 2palam]
1058 2065 1141 2134 lacri-

124 2135 216 2188 matus
240 2152 302 2188 sum
327 2134 357 2187 V.
395 2131 473 2188 aliud
497 2133 673 2187 consulturus
698 2133 885 2200 (consulturos
907 2133 952 2199 G.)
975 2133 1084 2190 intrare
1109 2158 1139 2194 ω.

122 2203 200 2258 aliud
220 2205 397 2259 consulturus
417 2220 494 2259 eram
508 2203 538 2258 V.
563 2203 648 2258 aliam
668 2204 811 2258 consulere
829 2203 904 2258 intra
924 2203 953 2260 0.
991 2212 1007 2260 3
1025 2224 1138 2277 vesper-

122 2276 183 2329 tino
207 2277 333 2345 tempore
360 2295 390 2328 ω.
422 2276 613 2344 vespertinum
637 2276 749 2345 tempus
776 2275 803 2330 0.
852 2276 1020 2333 statuerunt.
1059 2279 1139 2334 Haec

122 2360 176 2412 ego
204 2345 320 2398 audiens
348 2346 441 2398 monte
469 2346 613 2412 perculsus
644 2363 714 2400 sum.
763 2346 916 2414 Displicuit
948 2347 1022 2401 enim
1056 2349 1137 2418 mihi,

123 2414 198 2482 quod
223 2416 282 2467 tarn
308 2415 411 2468 multos
438 2415 542 2468 adduxi
567 2433 677 2470 mecum
702 2417 738 2469 ad
764 2432 857 2472 sacras
884 2417 1005 2473 arbores.
1052 2420 1138 2475 simul

123 2489 152 2539 et
176 2484 259 2538 amici
285 2485 341 2538 mei
369 2490 398 2538 et
425 2484 541 2539 comites
565 2486 635 2554 mei,
665 2488 713 2556 qui
737 2503 847 2542 mecum
872 2491 1025 2554 venerunt,
1054 2489 1138 2546 fleve-

121 2556 187 2609 runt
205 2555 287 2610 valde
307 2556 336 2610 et
354 2556 514 2610 contristati
533 2559 605 2612 sunt.
639 2558 713 2624 Quos
732 2575 784 2627 ego
803 2559 909 2628 partim
927 2558 1012 2614 minis
1032 2562 1136 2631 partim

121 2627 283 2682 muneribus
303 2627 463 2682 consolatus
483 2645 545 2681 sum
559 2631 745 2699 praecepique
764 2630 814 2698 eis,
833 2631 865 2682 ut
883 2630 990 2685 nemini
1009 2632 1081 2687 haec
1094 2651 1136 2688 re·

118 2715 225 2767 sponsa
242 2698 374 2753 dicerent.
407 2698 528 2753 Rursum
542 2700 624 2754 lunae
644 2700 758 2754 oracula
776 2701 930 2769 auditurus,
950 2719 1022 2770 qnae
1042 2703 1137 2759 media

120 2773 204 2824 nocte
221 2788 304 2839 posse
322 2769 384 2824 fieri
403 2771 533 2825 sacerdos
552 2771 723 2837 affirmabat,
748 2772 880 2839 quoniam
900 2774 967 2826 tuno
987 2773 1055 2829 luna
1074 2777 1137 2830 erat

122 2841 237 2907 oritura,
256 2842 392 2911 assumpsi
411 2858 520 2896 mecum
538 2844 596 2897 tres
610 2840 788 2897 fidelissimos
808 2842 922 2911 amicos,
941 2843 1088 2912 perdicam
1107 2847 1136 2899 et

121 2911 276 2966 clitoricam
291 2916 320 2967 et
334 2912 474 2981 philotam
484 2913 523 2967 H.
562 2913 699 2983 tsacras]
714 2929 788 2967 seras
803 2934 833 2968 o.
871 2914 1086 2971 tadorarimus
1100 2917 1135 2973 L.

121 2982 302 3038 adhortamur
323 2984 351 3037 U.
453 2984 574 3053 8ultra]
593 2984 623 3037 in
641 2982 691 3038 illo
710 2983 773 3039 loco
791 2985 830 3038 H.
867 2982 898 3038 in
915 2986 973 3057 me]
995 3003 1076 3042 ame
1095 2988 1133 3042 H.

121 3060 216 3123 tuost
235 3053 387 3108 ‘interfici'
410 3055 500 3123 peryit
518 3055 558 3110 H.
579 3053 752 3122 ‘iterumque
776 3055 870 3109 lucum
893 3055 1033 3111 intrantes
1057 3055 1137 3113 iuxta

120 3126 233 3179 arbores
257 3141 350 3179 sacras
370 3125 547 3180 constitimus
571 3130 600 3180 et
623 3143 687 3180 mox
711 3125 795 3180 solita
813 3126 1016 3183 consuetudine
1035 3130 1136 3184 adora·

120 3212 189 3248 mus.
219 3194 372 3249 Consulens
382 3196 477 3263 igitur,
487 3196 536 3250 ubi
545 3195 696 3251 moriturus
707 3213 805 3264 essem,
816 3200 877 3251 tum
887 3203 933 3253 etc.
972 3204 1007 3253 1o
1018 3199 1098 3255 Tunc
1107 3201 1136 3256 O.

70 3330 76 3338 .
120 3267 150 3318 et
167 3268 226 3319 tum
247 3266 278 3319 V.
303 3269 413 3320 etcum
433 3289 462 3322 ω.
500 3284 630 3337 percusso
650 3268 687 3322 H.
772 3273 804 3321 11
824 3285 910 3322 cornu
930 3270 1007 3324 caH,
1032 3287 1138 3326 cornua

120 3340 185 3389 sunt
204 3337 234 3389 0.
273 3338 477 3407 splendoreque
496 3338 570 3392 ω.Η.
596 3338 752 3407 splendore.
783 3338 872 3404 Quem
891 3340 920 3394 0.
986 3345 1020 3395 12
1042 3340 1065 3395 O
1086 3359 1137 3398 om.

119 3405 234 3461 L.G.B.
344 3414 377 3462 13
396 3409 485 3480 Maio]
507 3426 582 3464 nono
606 3410 645 3463 H.
682 3411 712 3462 in
735 3427 784 3464 om.
809 3411 846 3464 Η.
958 3416 991 3465 15
1015 3412 1079 3467 fudi
1102 3413 1137 3467 L.

121 3481 153 3528 17
173 3481 394 3533 exsurrecturum
412 3480 439 3534 0.
459 3483 664 3536 esurrecturum
676 3480 708 3534 P.
727 3482 948 3536 resurrecturum
961 3482 997 3536 B.
1007 3481 1137 3540 GMH.

106 3561 210 3614 recent.
233 3550 277 3605 M.
304 3553 424 3609 surrent.
444 3552 517 3609 LV.
596 3558 633 3608 tt
652 3550 934 3606 entmorn.L.V.H.
967 3569 1020 3616 cuo
1037 3571 1090 3608 ora.
1110 3555 1140 3611 0.
