2414 3826
128 170 192 234 104
551 169 660 224 LIBER
677 171 712 225 11.

216 331 275 400 32.
299 332 434 417 Iamque
450 334 608 398 exercitus
622 332 837 399 Macedonum
853 356 966 400 rursus
981 333 1146 421 Strangae
1164 347 1190 401 32

126 421 298 487 memorati
325 422 446 488 fluenta
473 422 703 488 transmiserat
729 425 763 487 et
785 423 969 489 Alexander
991 425 1146 509 protinus

125 510 355 593 superveniens
380 511 519 596 regiam,
543 511 578 575 in
607 533 670 595 qua
698 512 865 578 obversari
888 511 1026 579 Darium
1056 534 1145 579 com·

127 604 267 683 parerat,
296 600 414 664 cursim
442 599 601 683 inrumpit
630 621 767 684 eumque
794 621 906 666 recens
933 601 1146 668 vulneratum

102 691 225 772 satque
245 687 348 754 adhuc
368 689 546 772 spirantem
565 688 727 753 miseriter
745 688 888 755 offendit
927 686 990 754 Sed
1012 690 1049 755 id
1067 688 1145 756 Ale·

127 776 251 843 xandro
279 779 367 842 ultra
390 777 559 861 opiniones
589 777 736 842 omnium
763 777 871 843 flebile
899 782 932 844 et
954 778 1145 845 luctuosum

129 865 301 931 admodum
329 867 402 933 fuit.
451 865 574 932 Videns
602 866 689 930 enim
716 866 910 952 participem
939 867 1030 933 illius
1060 867 1147 952 regii

127 956 270 1021 nominis
299 977 336 1021 ac
364 955 546 1021 maiestatis
574 955 655 1020 adeo
683 955 800 1020 misere
823 955 953 1021 vivendi
976 956 1146 1022 clausulae

128 1045 355 1129 reluctantem,
382 1045 463 1109 flens
492 1044 679 1127 eiulansque
707 1043 827 1108 iacenti
853 1043 978 1110 homini
1005 1045 1148 1110 circum·

89 1152 115 1193 ro
128 1133 288 1217 funditur,
317 1154 452 1217 eumque
481 1132 758 1216 amplexabundus
787 1136 820 1198 et
848 1136 1023 1218 contegens
1051 1135 1149 1219 regia

130 1222 299 1307 chlamyde
333 1222 367 1285 in
394 1221 476 1286 haec
503 1222 603 1286 verba
631 1221 768 1287 solatur:
796 1219 912 1307 ‘Erige
939 1225 986 1307 te,
1013 1243 1147 1307 quaeso,

129 1309 243 1394 Darie,
265 1331 325 1375 nec
348 1309 492 1374 deseras:
517 1310 544 1373 si
568 1310 644 1394 quid
668 1310 755 1375 enim
779 1331 818 1374 ex
842 1312 950 1376 animo
975 1313 1034 1394 est,
1058 1311 1148 1396 quod

129 1398 276 1481 iusseris,
303 1401 412 1462 ratum
439 1397 560 1463 habeto
588 1419 691 1483 regna
718 1403 752 1463 te
778 1402 836 1464 tua
863 1403 1070 1483 recepturum
1099 1399 1148 1465 fir·

129 1489 302 1569 torumque
324 1507 436 1550 rursus
460 1485 562 1570 illum,
585 1488 640 1570 qui
663 1485 784 1552 fueris?
961 1567 965 1579 Ι

90 1592 116 1632 15
221 1571 279 1639 33.
318 1571 379 1637 Sed
403 1575 444 1639 ad
471 1575 552 1640 haec
578 1574 698 1641 Darius
727 1575 885 1661 exsangui
913 1576 978 1642 iam
1007 1597 1148 1660 corpore
1166 1589 1190 1641 3⁴

130 1682 203 1725 oum
227 1683 305 1727 voce
329 1661 428 1727 etiam
453 1663 493 1727 ad
516 1664 657 1749 primum
676 1664 835 1748 impeturn
856 1665 1054 1748 deficeretur,
1077 1688 1148 1732 ma-

129 1772 190 1814 nus
215 1751 376 1836 supplices
399 1751 534 1816 tendens
563 1752 811 1838 adtrectansque
835 1774 942 1840 genua
965 1751 1149 1819 Alexandri

131 1839 319 1906 adsistentis
343 1844 376 1905 et
393 1840 637 1926 circumplexus,
657 1845 694 1905 ut
711 1845 850 1925 poterat,
871 1842 1003 1907 tandem
1021 1844 1149 1909 talibus

130 1929 286 2015 loquitur:
317 1929 424 1995 ‘Licet
453 1930 533 1995 mihi
556 1929 635 2013 iam,
658 1928 841 1995 Alexander
867 1930 1147 2014 victoriosissima,

89 2037 116 2078 so
130 2019 163 2084 in
186 2019 249 2086 hau
272 2020 451 2086 constituto
469 2018 603 2085 fortuna
619 2017 786 2083 liberalius
810 2018 942 2104 aliquid,
965 2041 1065 2103 quam
1088 2024 1148 2106 qui

129 2108 248 2174 victuri
280 2113 371 2189 sunt,
403 2109 493 2194 loqui
529 2109 623 2192 idque
657 2130 676 2173 a
707 2128 759 2171 me
791 2107 930 2172 amicum
962 2108 1040 2192 tibi,
1077 2131 1148 2176 non

129 2196 292 2262 hosticum
321 2202 425 2279 putes.
474 2195 566 2261 Inter
592 2197 673 2261 haec
700 2196 799 2261 verba
827 2196 946 2262 blanda
974 2197 1150 2282 disceptes.

131 2283 317 2366 Numquam
335 2285 438 2368 igitur
460 2286 494 2348 te
516 2285 599 2368 regii
616 2284 758 2349 nominis
783 2284 878 2350 decus
901 2285 1011 2370 tollat,
1033 2307 1094 2351 nec
1119 2287 1149 2352 si

130 2369 207 2453 quid
239 2370 391 2435 blandius
428 2370 561 2435 fortuna
596 2372 798 2457 promiserit,
834 2372 954 2439 idcirco
991 2377 1026 2440 te
1063 2376 1148 2441 coeli

90 2477 116 2520 ss
131 2462 314 2542 compotem
356 2459 524 2524 arbitrare.
585 2457 759 2525 Enimvero
800 2463 980 2527 consultius
1026 2463 1148 2528 futuris

131 2568 228 2630 quam
269 2547 495 2632 praesentibus
533 2548 690 2614 consules.
744 2549 838 2615 Nihil
875 2550 961 2614 enim
997 2551 1149 2636 interest,

131 2637 217 2721 quod
242 2637 406 2721 dispescat
428 2637 552 2722 regiam
576 2640 723 2702 nostram
750 2642 807 2702 ant
828 2639 1016 2723 plebeculas
1040 2639 1150 2726 digni-

131 2728 242 2791 tatem.
288 2725 340 2791 nn
363 2725 424 2791 tibi
447 2726 502 2790 ille
525 2723 658 2811 Darius,
680 2726 782 2810 nosti,
806 2726 924 2812 quippe
949 2728 1004 2812 qui
1027 2728 1148 2793 fuerim

219 2971 268 3028 ar.
300 2971 485 3028 2memorati
509 2971 597 3028 Mar.
629 2970 797 3026 memoranti
821 2971 855 3027 P.
888 2989 905 3027 a
930 2973 1025 3042 strage
1049 2973 1147 3028 adme-

129 3043 233 3098 morati
256 3043 293 3099 A.
364 3043 544 3098 30bversari
568 3042 600 3098 Τ.
628 3042 772 3097 observari
793 3042 871 3099 ΛΡ,
944 3044 1038 3098 4ἰπιι
1059 3043 1084 3100 it
1109 3045 1146 3100 P.

131 3120 147 3168 9
161 3113 375 3182 heulansqueA.
390 3114 612 3195 eiulanusqueP.
639 3113 744 3169 iacenti
753 3112 862 3168 homini
872 3114 1029 3170 circumfun
1048 3114 1146 3170 iturT.

130 3185 237 3240 recenti
245 3184 398 3240 homicidio
409 3184 588 3240 confundrtur
595 3186 630 3240 A.
649 3183 752 3239 iacenti
761 3183 913 3241 homicidio
924 3184 1146 3242 confunditurP.

132 3255 246 3379 ltdfari
262 3256 332 3382 ιΕΡ
352 3262 385 3310 13
404 3255 509 3311 iuberis
524 3257 557 3311 P.
581 3254 684 3310 luberis
701 3254 733 3312 Τ.
756 3255 923 3325 futurusque
941 3273 1077 3324 rursuque
1096 3256 1149 3312 ille

131 3343 180 3396 qur
210 3343 285 3381 nens
331 3368 337 3380 .

221 3398 269 3454 aa.
300 3403 331 3452 18
350 3398 484 3454 assistens
494 3398 527 3453 P.
564 3402 599 3451 20
619 3397 667 3465 qui
684 3397 788 3453 victuri
807 3399 872 3455 sunt
883 3397 954 3454 111².
977 3397 1025 3467 qui
1040 3399 1148 3468 (eaper-

130 3469 233 3535 scripto
246 3471 328 3537 quae)
342 3469 460 3524 victoris
474 3470 540 3524 sunt
549 3468 585 3523 A.
621 3474 655 3523 21
675 3469 798 3538 quidque
810 3468 842 3524 Τ.
878 3474 914 3523 24
932 3469 1100 3537 promiserat
1108 3471 1148 3524 A.

117 3539 279 3606 compotem
297 3541 336 3595 Α.
383 3546 419 3598 26
438 3559 527 3613 qnam
549 3539 628 3597 PA.
657 3542 747 3609 atque
766 3539 856 3594 Mctl.
889 3545 924 3590 Ἦ
944 3539 998 3588 aut
1012 3539 1050 3589 P.
1066 3540 1104 3587 nt
1122 3543 1160 3588 A.
