2414 3826
385 166 514 222 carrus
534 139 754 223 marinoni.
1010 169 1074 233 159

62 332 153 417 equis
177 330 243 394 ritu
260 329 424 413 praesenti
449 329 498 394 die
525 335 635 395 secuta
660 330 733 410 alio,
757 353 856 415 quam
875 352 1078 415 veneramus,

59 421 177 486 itinere
204 418 410 502 repedamus3
436 416 563 502 fuitque
592 420 872 502 operaepretium
900 420 973 484 illas
998 442 1075 504 quo·

60 531 124 595 que
147 529 244 572 nosse
267 507 427 591 regiones.
468 505 574 571 Multa
597 508 683 572 enim
707 507 875 573 hominum
899 528 1019 592 genera
1042 513 1075 574 et

59 597 229 663 invisitata
253 599 329 659 sunt
352 595 446 659 nobis
470 596 609 679 cognita,
634 618 771 680 quorum
790 598 841 661 vel
860 598 1000 662 maxime
1017 620 1075 663 no·
1111 655 1112 658 ,

58 689 113 752 bis
138 684 346 749 admirationi
374 683 437 750 fuit
459 684 645 749 videntibus
668 685 815 749 homines
843 687 964 770 absque
989 688 1100 771 capi-o

59 776 149 842 tibus
169 776 367 856 corporatos.
404 770 553 857 Namque
576 773 628 837 his
651 773 839 838 hominibus
859 776 945 840 oculi
964 781 1074 858 pecto-

59 865 150 930 ribus
169 862 384 946 inhaerentes,
405 864 500 944 atque
520 883 556 925 os
576 883 670 926 omne
690 866 857 946 ceteraque
877 864 943 927 oris
962 865 996 926 in
1016 865 1074 928 illu

60 956 154 1039 parte
184 951 327 1034 corporis
355 951 454 1014 situm
482 951 658 1033 plurimum
686 950 892 1017 mirabamur.
942 951 1015 1016 Illic
1043 957 1075 1016 et

60 1040 281 1124 Troglodytas
306 1038 511 1121 offendimus,
538 1040 593 1123 qui
621 1040 732 1103 subter
754 1044 875 1104 terram
899 1038 1074 1105 domiciliis

61 1129 194 1213 scalptis
224 1150 261 1192 ac
286 1127 385 1192 fossis
414 1126 454 1190 ad
483 1127 681 1210 serpentium
708 1128 812 1193 instar
839 1150 984 1193 secessus
1013 1129 1075 1193 sibi
1090 1150 1117 1190 ιο

60 1223 94 1284 et
124 1217 313 1281 habitacula
345 1214 542 1280 laboravere.
596 1214 688 1292 Quod
719 1238 797 1302 ergo
831 1218 916 1282 exim
950 1220 1074 1283 eminus

59 1308 166 1373 visere
198 1307 284 1369 esset
315 1305 463 1368 tellurem
497 1305 658 1388 quandam
691 1306 788 1371 sitam
821 1308 910 1371 velut
942 1306 977 1369 in
1009 1328 1073 1370 me·

60 1396 113 1461 dio
138 1395 235 1477 mari,
259 1394 431 1458 aestimato
456 1394 586 1477 longius
610 1415 707 1477 quam
736 1395 831 1459 unius
855 1395 919 1460 diei
941 1396 1099 1480 naviga?

59 1487 149 1550 tione
179 1486 378 1566 separatam,
406 1504 443 1547 eo
471 1483 680 1566 navigatione
709 1484 942 1550 contendimus.
989 1483 1073 1569 Rep-

60 1573 203 1658 perimus
240 1571 274 1634 in
310 1571 368 1634 illa
405 1570 513 1634 insula
550 1571 732 1655 civitatem,
769 1594 851 1658 quae
885 1571 969 1638 Solis
1003 1595 1073 1639 esse
1088 1591 1114 1633 ιδ

60 1662 230 1742 diceretur,
254 1659 396 1723 ambitus
421 1659 527 1743 spatio
551 1681 617 1724 non
640 1661 747 1725 minus
771 1662 941 1747 sexaginta
960 1663 1073 1743 stadiis

60 1748 348 1831 circumscriptam.
382 1745 549 1812 Sedenim
569 1749 709 1813 emedio
729 1749 872 1814 civitatis
889 1756 1074 1817 constructo

61 1837 202 1923 quodam
225 1842 258 1901 et
281 1841 436 1920 congesto
464 1836 499 1899 in
526 1837 606 1901 locov
629 1859 741 1901 currus
769 1859 885 1902 aureus
908 1839 1075 1903 visebatur

59 1948 127 1991 una
150 1926 272 1990 scilicet
296 1925 386 2010 equis
406 1928 502 2007 atqua
526 1927 688 1990 insessore
708 1947 804 1990 aureo
823 1927 999 1991 laboratus.
1040 1926 1073 1991 ls

59 2015 165 2081 omnis
193 2015 287 2078 labor
310 2014 348 2078 de
373 2013 444 2077 auri
467 2015 603 2078 materia
627 2018 659 2078 et
682 2015 846 2098 smaragdi
872 2015 942 2080 fuit.
988 2014 1072 2079 Mira
1086 2033 1113 2074 ao

57 2109 170 2169 tamen
194 2103 365 2186 opificinae
390 2103 543 2167 maiestas
571 2124 630 2167 nec
658 2102 717 2166 ulli
731 2103 779 2166 in
809 2103 886 2168 orbe
910 2106 1071 2167 terrarum

59 2193 151 2277 operi
173 2192 270 2256 facile
294 2191 523 2256 contendenda.
568 2190 745 2257 Enimvero
769 2191 826 2256 isti
849 2191 975 2277 regioni
999 2215 1073 2256 cunr

59 2282 189 2347 adesset
213 2280 361 2344 sacerdos
384 2275 561 2363 Aethiops,
589 2302 626 2344 so
650 2285 825 2364 praeeunte
849 2277 919 2346 Soli
941 2281 1072 2367 religio-

59 2372 127 2436 sius
152 2372 302 2452 operatus
327 2390 407 2432 sum.
1087 2390 1115 2431 ss

150 2457 209 2523 52.
243 2458 291 2521 Ac
321 2458 367 2522 sic
397 2461 596 2523 revertentes
626 2459 812 2524 locorumne
844 2482 884 2524 an
914 2461 1072 2544 temporis
1091 2469 1135 2522 84.

58 2547 212 2612 tenebras
233 2545 412 2630 profundas
437 2547 638 2611 offendimus.
679 2546 774 2612 Unde
797 2570 870 2613 cum
893 2550 977 2613 ratio
1001 2550 1074 2633 ipsa

59 2638 217 2702 suasisset
250 2635 371 2700 ibidem
404 2637 580 2700 mansitare
611 2639 643 2700 et
672 2637 855 2701 reficiendis
888 2637 1010 2701 nostris
1041 2642 1074 2701 et

150 2833 166 2880 3
186 2827 260 2881 enirn
279 2843 329 2881 om.
348 2827 381 2881 P.
439 2833 462 2880 46
481 2824 611 2894 Namque
630 2833 677 2881 etc.
698 2829 732 2881 A.
769 2825 868 2895 Neque
886 2821 932 2881 his
951 2827 1073 2882 homini-

58 2899 110 2953 bus
136 2897 210 2953 oculi
235 2896 292 2951 nisi
316 2897 482 2966 peccoribus
507 2897 573 2966 (nisi
598 2898 725 2952 additam
749 2898 784 2952 ab
810 2899 898 2952 ultera
922 2901 1019 2966 manu)
1039 2900 1071 2952 P.

60 2976 75 3024 7
95 2969 147 3023 illa
162 2970 267 3024 addidi.
293 2970 325 3023 ia
338 2971 463 3049 marpissa
477 2970 534 3023 cod.
550 2969 582 3023 P.
598 2969 782 3037 adscrs'ptam:
796 2969 952 3038 Oenophali
966 2969 1074 3025 scilicet

59 3039 167 3095 caninis
189 3039 307 3094 rictibus
332 3040 459 3094 hommes
477 3038 607 3094 vultuati.
644 3040 701 3092 Alii
726 3041 831 3108 absque
856 3041 994 3111 capitibus
1018 3042 1073 3096 oris

58 3116 172 3167 omnem
190 3128 271 3165 usum
290 3111 451 3180 pectoribus
470 3110 659 3179 praeferentes
678 3111 773 3165 oculos
793 3128 930 3182 auresque
950 3115 978 3168 st
997 3113 1072 3182 quic-

58 3181 129 3252 quid
147 3183 291 3237 hominem
310 3182 441 3251 integrat.
489 3179 690 3250 9trogodytas
705 3182 740 3235 A.
764 3183 907 3252 rogodita's
928 3185 961 3239 P.
990 3201 1073 3254 super

57 3257 163 3308 terram
186 3254 219 3308 P.
282 3259 316 3307 10
335 3269 459 3308 secessus
477 3254 584 3321 scripsi.
613 3268 757 3307 successus
777 3256 812 3308 A.
821 3256 853 3308 P.
920 3261 952 3308 12
973 3257 1002 3309 et
1020 3254 1072 3309 tel-

57 3324 149 3378 lurem
166 3324 201 3378 P.
279 3329 314 3377 14
332 3325 491 3394 separatam
512 3325 585 3377 Mai.
614 3328 745 3393 separata
763 3326 841 3380 A.P.
921 3332 953 3379 16
973 3324 1072 3379 stadiis

59 3395 157 3452 om.P.
199 3401 233 3450 19
252 3395 304 3450 His
324 3397 413 3450 omnis
424 3394 459 3449 A.
468 3395 502 3447 P.
540 3399 574 3449 20
593 3397 747 3463 smaragdis
758 3397 790 3450 P.
833 3402 866 3450 22
886 3397 1037 3465 quaciaria
1055 3414 1073 3449 a

60 3466 279 3522 ‘contendenda’
301 3468 428 3536 teporatur
446 3482 529 3535 usque
548 3467 585 3521 ad
604 3466 736 3521 ‘Tanaim
750 3468 849 3535 nsque'
868 3473 958 3532 aab&
978 3466 1090 3517 om.P..

60 3544 94 3594 23
113 3539 266 3607 praeeunte
286 3539 359 3593 Mai.
387 3538 558 3609 praeeuntes
579 3540 615 3594 A.
