2414 3826
191 180 369 238 EPISTOLA
388 179 602 235 ALEXANDRI
620 180 670 235 AD
689 178 953 236 ARISTOTELEM.
1009 178 1073 242 217

150 344 285 428 Iamque
319 366 357 408 ex
392 342 493 408 saeris
529 365 767 409 excesseramus
797 344 985 425 arboribus,
1018 341 1075 405 sed

62 435 167 500 adhue
194 433 293 497 etiam
323 433 421 496 odore
449 433 530 497 turis
554 433 821 517 opobalsamique
844 454 940 498 nares
963 431 1074 496 verbe·

59 525 226 589 rabantur.
276 521 349 585 Indi
377 541 469 586 saara
497 520 630 585 deorum
659 521 700 585 ad
727 544 883 586 oceanum
909 520 1075 603 tenebant,

60 614 205 677 dieentes
228 632 296 674 non
314 631 429 692 parum
451 631 503 673 me
527 631 653 693 quoque
676 631 746 674 esse
769 610 996 694 immortalem,
1019 609 1076 692 qui

60 721 163 784 usque
192 720 230 763 eo
253 702 422 782 penetrare
444 697 631 780 potuissem.
678 697 801 773 Quibus
825 719 901 783 ego,
928 698 1013 782 quod
1036 697 1104 761 des

61 789 157 855 nobis
182 789 264 852 bene
288 786 507 870 opinarentur,
528 786 696 850 insinuans
720 788 843 870 gratias
867 788 1015 872 agebam.

151 876 362 941 Pervenimus
382 875 496 940 deinde
514 874 550 939 in
568 874 688 938 vallem
703 873 857 956 Iordiam,
875 876 908 938 in
927 897 991 958 qua
1009 897 1076 940 ser·

61 970 176 1050 pentes
195 964 400 1047 habitabant,
422 962 579 1028 habentes
602 963 637 1026 in
660 962 743 1026 oollo
762 963 896 1046 lapides,
919 965 975 1047 qui
993 985 1076 1028 sma-

62 1055 156 1139 ragdi
175 1053 393 1137 appellantur.
415 1088 453 1098 -
473 1050 519 1115 Hi
537 1052 647 1115 lumen
666 1052 701 1114 in
719 1052 821 1115 oeulis
837 1050 1007 1135 profusum
1027 1073 1077 1116 aa·

63 1143 197 1226 cipiunt.
212 1178 254 1188 -
270 1141 314 1205 Hi
328 1140 447 1204 vallem
464 1139 548 1203 nulli
562 1139 741 1204 adeundam
758 1140 915 1205 incolunt.
946 1140 992 1204 Hi
1011 1161 1076 1204 ser·
1091 1161 1117 1200 ro

61 1235 177 1316 pentes
204 1231 308 1294 lasere
338 1232 370 1293 et
398 1229 472 1293 albo
500 1233 674 1294 vescuntur
700 1228 821 1312 pipere.
863 1229 951 1295 Nam
979 1251 1077 1312 supra

61 1320 181 1385 vallem
214 1319 298 1383 hane
335 1321 410 1381 sunt
441 1317 628 1401 pyramides
666 1317 837 1382 institutae
869 1317 987 1401 pedum
1019 1318 1076 1381 tri·

63 1429 178 1474 oenum
202 1407 351 1491 quinum,
374 1426 455 1489 quae
477 1406 666 1471 numinibus
690 1407 731 1470 ab
755 1407 899 1490 antiquis
922 1405 1077 1472 Indorum

63 1498 104 1562 ob
130 1496 216 1560 hano
245 1517 376 1560 causam
404 1497 480 1559 sunt
506 1495 701 1559 aedificatae.
748 1493 812 1560 Sed
838 1495 873 1559 hi
903 1498 1077 1579 serpentes,

63 1608 144 1670 quos
165 1584 263 1667 paulo
289 1588 364 1648 ante
383 1583 622 1666 descripsimus,
645 1583 730 1648 inter
754 1606 788 1648 se
807 1585 983 1667 quotannis
1002 1606 1075 1650 vere
1091 1603 1117 1644 15

60 1676 168 1759 primo
184 1673 379 1757 depugnant,
393 1672 553 1755 multique
567 1673 730 1736 morsibus
745 1673 959 1755 deperierunt.
996 1673 1076 1737 Inde

62 1785 124 1828 nos
160 1783 280 1845 paucos
319 1760 492 1825 extulimus
528 1760 670 1844 ingentis
711 1760 836 1824 formae
877 1762 1077 1846 smaragdos

63 1850 128 1914 Per
142 1871 261 1934 magna
275 1849 420 1932 pericula
433 1848 610 1913 incedimus
626 1852 659 1913 et
672 1848 843 1913 incidimus
859 1850 935 1914 talis
950 1851 1077 1933 generis

63 1939 201 2003 bestias:
229 1937 387 2001 habentes
415 1940 492 2001 sunt
519 1957 611 2002 suam
639 1937 762 2020 oapita,
789 1937 922 2002 leonum
949 1938 1077 2020 caudas,

62 2027 227 2111 unguibus
246 2026 340 2109 binis,
362 2027 449 2090 latae
474 2026 513 2090 ad
537 2047 593 2089 sex
615 2047 717 2109 prope
740 2026 857 2108 pedum
882 2046 1076 2109 mensuram,
1090 2046 1118 2085 ao

64 2116 182 2201 quibus
201 2115 456 2179 verberabantur
474 2115 621 2178 homines
641 2118 674 2178 et
692 2113 824 2178 inutiles
843 2114 975 2179 fiebant.
1016 2112 1077 2178 His

64 2208 157 2270 erant
180 2203 360 2268 intermixti
383 2203 471 2286 grifi,
497 2207 605 2267 rostra
632 2202 790 2267 habentes
820 2202 1015 2287 aquilarum,
1043 2206 1078 2266 at

65 2294 130 2358 alia
151 2296 245 2375 parte
273 2293 417 2374 eorporis
446 2291 668 2357 dissimillimi.
714 2291 776 2368 Qui
799 2292 884 2356 mira
911 2292 1077 2356 eeleritate

153 2412 238 2468 asad
264 2413 356 2467 adhue
382 2412 468 2468 etiam
492 2411 521 2468 0.
550 2413 599 2467 sed
623 2413 681 2467 iam
704 2413 773 2469 mV.
802 2414 851 2469 sed
875 2414 933 2469 iam
959 2431 1016 2468 non
1038 2414 1078 2467 H.

63 2492 79 2539 3
98 2484 161 2538 Indi
186 2483 261 2538 enim
282 2483 311 2538 0.
347 2483 494 2556 tenebant]
514 2485 668 2539 tendebant
689 2483 716 2540 0.
741 2485 864 2540 colentes
888 2485 1021 2540 dicebant
1038 2484 1079 2539 H.

64 2561 133 2610 ooo
158 2556 186 2611 0.
213 2573 296 2610 avum
317 2555 450 2610 B.M.H.
477 2572 578 2612 aerum
602 2556 635 2612 G.
661 2556 691 2611 in
714 2573 797 2611 evum
818 2557 852 2610 L.
879 2556 915 2611 ad
938 2572 1036 2611 eurum
1046 2555 1078 2611 V.

64 2627 151 2697 quod]
176 2627 308 2695 quoniam
333 2625 361 2680 0.
461 2628 567 2682 6bene
591 2628 619 2682 0.
646 2643 697 2682 om.
721 2632 767 2682 eet.
804 2627 948 2682 insinuans
971 2643 1023 2681 om.
1048 2625 1078 2681 0.

64 2697 276 2752 ilordanisII.
329 2695 394 2752 8in
413 2713 464 2751 om.
483 2697 552 2752 mV.
603 2702 637 2751 10
656 2698 754 2752 colunt
772 2697 896 2753 B.G.M.
953 2703 1078 2765 requae

62 2767 224 2822 numinibus
243 2783 293 2821 om.
314 2767 388 2820 ω.Η.
437 2772 472 2821 14
489 2768 555 2821 sunt
572 2783 622 2821 om.
642 2767 719 2822 ω.Η.
767 2771 800 2819 15
820 2765 930 2833 aliquot
948 2768 1029 2820 annis
1050 2765 1078 2822 Ο.

64 2845 97 2893 16
118 2838 190 2890 unde
208 2837 235 2891 0.
306 2842 339 2890 18
358 2851 461 2906 magna
479 2836 579 2891 deinde
598 2837 637 2893 H.
674 2836 830 2891 insedimus
849 2837 1014 2893 L.B.M.V.
1038 2837 1079 2890 in·

64 2908 185 2963 oidimus
200 2906 239 2960 H.
259 2907 423 2960 incessimus
438 2911 485 2962 eet.
509 2908 538 2960 et
552 2922 602 2962 om.
619 2906 647 2962 0.
653 2908 686 2962 P.
693 2908 732 2962 H.
751 2905 901 2961 incidimus
912 2907 943 2960 V.
962 2908 1079 2962 institas

62 2979 138 3034 oaH.
157 2978 269 3046 ignotas
286 2975 315 3030 0.
333 2978 363 3031 in
378 2975 486 3047 Oyritas
505 2979 644 3033 editiones.
692 2984 724 3032 19
744 2994 826 3031 suum
840 2977 944 3048 capita,
965 2979 1079 3033 leonum

63 3051 171 3175 :sill
189 3047 439 3174 ,appppmoa
472 3047 1079 3190 baldradestatbitalbis

63 3208 222 3246 mensuram
248 3206 297 3245 om.
322 3190 464 3259 B.G.M.;
489 3191 565 3245 loeas
589 3192 631 3246 ita
654 3193 754 3263 lepitwr
778 3193 811 3246 10
836 3193 893 3246 cod.
917 3190 1016 3247 Bomb.
1040 3191 1078 3245 E.

64 3264 201 3317 HL14:
225 3262 280 3316 Per
301 3276 406 3332 magna
427 3260 529 3316 deinde
552 3263 729 3332 pervenimus
751 3261 783 3315 in
804 3263 880 3330 looa,
904 3278 975 3330 quae
999 3265 1080 3316 erant

64 3333 232 3400 fortissima,
255 3332 286 3386 in
309 3350 365 3401 qua
389 3335 470 3387 erant
492 3333 612 3402 bestiae,
636 3350 708 3403 quaa
731 3333 876 3388 habebant
898 3334 984 3402 eaput
1006 3332 1080 3387 siout

64 3421 180 3475 porous,
207 3403 327 3458 caudam
349 3404 421 3458 sicut
445 3402 502 3472 leo,
529 3403 649 3474 ungulas
675 3405 753 3472 duas,
779 3403 854 3459 latas
876 3403 994 3472 pedibus
1021 3419 1078 3460 sex.

64 3482 109 3601 231
119 3476 179 3546 qui]
204 3492 289 3602 qussm
316 3474 344 3531 0.
373 3491 427 3544 que
453 3475 491 3531 Η.
529 3475 687 3546 eeleritate]
712 3475 867 3531 velocitate
890 3475 1030 3528 elumbe-‘ua
1048 3474 1096 3521 L.

62 3564 97 3603 ve
110 3545 215 3602 ooitate
267 3590 273 3602 .
