2414 3826
484 160 700 218 PRAEFATIO.
1049 162 1103 216 Vll

80 327 149 393 270
183 325 303 389 Iulium
336 322 502 388 Valerium
535 324 703 408 scripsisse
735 321 984 410 Landgrafius¹)
1019 323 1096 388 inde

79 420 168 480 recte
192 413 363 496 collegisse
387 413 523 496 uidetur,
547 414 631 496 quod
651 411 770 477 Darius
794 412 935 477 moriens
955 413 1096 477 Alexan·

80 504 176 568 drum
200 500 503 567 ‘victoriosissimum'
525 499 583 585 (II,
603 499 670 585 33),
694 523 728 565 se
751 501 858 585 ipsum
878 500 1050 566 ‘dominum
1067 507 1097 566 ct

79 590 187 658 dcum'
220 590 372 674 appellat
426 589 570 665 Quorum
598 590 771 655 titulorum
800 591 893 654 illum
923 589 1006 654 nulli
1036 590 1096 654 im·

80 684 270 766 peratorum
303 683 376 743 ante
409 678 621 742 Aurelianum
653 679 794 744 inditum
827 700 910 762 esse,
942 678 1028 744 hunc
1062 679 1096 743 in

80 768 223 834 nummis
247 767 376 850 quidem
399 788 466 831 non
489 770 564 830 ente
584 766 751 831 Aureliani
773 770 922 851 tempora
946 768 1096 851 inveniri,

81 853 276 940 Schoener2)
296 855 447 920 ostendit.
488 854 540 919 Ita
564 877 637 919 cum
661 878 680 918 a
703 855 781 920 viris
805 856 908 920 doctis
932 855 1019 920 inter
1038 879 1094 920 an-

80 968 141 1010 nos
160 945 279 1010 27011
298 944 363 1008 340
382 941 459 1007 Iulii
479 942 604 1008 Valerii
623 943 794 1008 historiam
814 948 1005 1026 conceptam
1025 967 1096 1009 esse

81 1035 285 1118 exploratum
318 1032 376 1114 sit,
409 1033 479 1116 ipse
512 1053 584 1096 eam
616 1032 701 1096 inter
734 1053 835 1096 annos
866 1033 931 1096 270
965 1036 997 1096 et
1030 1033 1096 1098 330

81 1124 238 1206 scriptam
266 1142 336 1185 esse
365 1142 403 1184 ex
432 1121 537 1205 capite
561 1121 603 1186 26
631 1120 707 1184 libri
734 1120 832 1203 primi
860 1142 1016 1204 apparere
1045 1143 1097 1186 os-

79 1208 213 1295 tendil).
259 1208 310 1273 Ibi
339 1209 424 1273 enim
452 1213 488 1272 ut
510 1208 741 1274 Alexandriam
764 1209 988 1296 magnitudine
1012 1210 1096 1274 nulli

80 1299 202 1384 oppido
227 1299 315 1362 orbis
338 1300 497 1361 terrarum
521 1298 632 1362 cedere
655 1298 902 1381 demonstretur,
926 1320 1096 1364 mensurae

80 1388 296 1452 maximarum
315 1386 443 1450 urbium
467 1389 706 1452 enumerantur.
747 1384 829 1452 Cum
853 1391 961 1451 autem
985 1391 1096 1452 aucto·

79 1499 150 1540 rem
174 1475 325 1539 Latinum
349 1496 415 1540 non
438 1475 576 1559 fugisset
599 1497 657 1539 sua
681 1478 789 1540 aetate
808 1475 946 1541 Romam
970 1476 1011 1540 ab
1032 1477 1097 1540 Au-

80 1566 206 1638 reliano
225 1562 424 1647 Imperatore
443 1564 537 1628 valde
557 1563 787 1647 amplificatam
812 1564 915 1628 multo
938 1565 1094 1629 maiorem

80 1675 153 1718 esse
184 1651 396 1736 Alexandria,
429 1652 471 1716 ad
502 1674 555 1736 ea,
585 1674 666 1736 quae
696 1653 731 1716 in
762 1653 938 1736 exemplari
970 1652 1094 1717 Graeco

79 1743 215 1826 legerat,
237 1762 341 1825 pauca
360 1741 479 1805 addens
498 1741 545 1805 ita
563 1741 705 1824 scripsit:
730 1739 846 1806 ‘Romo
864 1746 1009 1824 quattuor
1031 1746 1061 1807 st
1084 1779 1096 1788 -

78 1831 144 1895 diis
175 1835 204 1894 et
230 1829 359 1910 pedibus
390 1834 507 1894 aaron
537 1834 627 1911 atque
655 1830 766 1913 violati
795 1831 887 1913 loapo
913 1831 1096 1911 primitus

77 1918 187 2002 fierit,
215 1919 376 1982 noudum
402 1919 561 1982 adiectis
587 1918 645 1982 his
666 1919 856 1999 partitur,
883 1939 975 2000 pirae
1002 1920 1096 1983 111117-

79 2012 157 2072 tum
190 2007 466 2089 coaycmiacssc
495 2007 708 2071 maiestatis
739 2007 818 2070 cius
847 2006 1096 2087 magnificen-

80 2097 172 2160 tium
190 2094 385 2175 visuntur?
419 2093 508 2160 Haec
524 2095 623 2159 verba
641 2094 793 2178 quoniam
813 2093 853 2158 ad
874 2115 983 2158 muros
1002 2095 1095 2160 urbis

80 2183 205 2248 Romae
233 2183 274 2247 ab
299 2182 474 2249 Aureliano
499 2184 653 2248 dilatatos
682 2186 829 2268 spectare
852 2186 1002 2267 apparet,
1030 2204 1095 2247 non

80 2277 157 2337 ante
185 2272 354 2342 Aureliani
382 2275 530 2356 tempora
558 2272 679 2354 scripta
706 2293 776 2336 esse
804 2275 950 2356 possunt
1002 2270 1095 2349 Quod

81 2365 190 2426 autem
214 2361 315 2425 Iulius
337 2359 489 2426 Valerius
517 2361 602 2424 inter
629 2361 725 2426 urbes
751 2362 908 2426 maximas
933 2359 1095 2427 Constan-

80 2449 256 2533 tinopolim
278 2471 344 2514 non
366 2451 639 2531 commemoravit,
662 2449 736 2514 inde
759 2451 828 2514 iure
852 2450 994 2515 effecisse
1014 2450 1094 2514 mihi

80 2538 192 2602 videor
221 2559 308 2621 eum,
336 2541 511 2621 antequam
535 2560 656 2602 novum
680 2538 808 2623 imperii
831 2537 972 2602 Romani
996 2543 1095 2622 caput

80 2626 344 2709 constitueretur,
364 2627 541 2710 scripsisse.
574 2625 662 2691 Haec
682 2627 709 2690 si
727 2631 814 2691 recte
830 2626 994 2708 disputata
1009 2631 1095 2709 sunt,

78 2715 166 2779 inter
185 2736 287 2780 annos
307 2716 373 2780 270
388 2720 420 2779 et
435 2715 501 2780 330
514 2713 592 2778 Iulii
606 2713 728 2780 Valerii
747 2714 892 2779 narratio
912 2719 984 2779 orta
1003 2714 1095 2798 esu).

171 2801 333 2888 Sequitur,
349 2808 386 2868 ut
400 2805 472 2887 quis
487 2804 585 2868 fuerit
597 2802 701 2867 Iulius
716 2801 875 2885 Valerius,
891 2803 1095 2888 indagemus.

79 2891 130 2957 Ac
148 2893 280 2957 nomina
299 2891 428 2977 quidem
452 2892 520 2957 eius
539 2891 661 2957 tradita
681 2895 757 2956 sunt
777 2892 811 2955 in
830 2890 993 2956 codicibus
1013 2890 1095 2955 Tau·

79 2980 204 3045 rinensi
235 2985 268 3045 et
298 2981 525 3046 Ambrosiano.
577 2979 617 3044 In
648 2979 755 3045 codice
786 2980 872 3044 enim
903 2979 1094 3044 Taurinensi

172 3175 199 3242 1)
219 3172 352 3226 Zeitschr.
371 3171 390 3226 f.
410 3173 476 3226 listr.
496 3172 596 3242 Gymn.
617 3178 694 3226 1882.
723 3191 749 3241 ρ.
766 3177 826 3227 429.

170 3246 199 3312 2)
219 3231 294 3297 Uber
314 3243 360 3298 die
379 3241 558 3298 Titulaturen
582 3244 631 3297 der
653 3241 811 3298 rtmischcn
830 3242 938 3311 Kaiser,
964 3244 1023 3299 Act
1043 3243 1093 3296 Er-

80 3314 156 3384 lang'
170 3314 334 3452 didicisti
345 3383 375 3438 di
393 3382 536 3454 Filologia
555 3389 633 3439 1888.
661 3403 689 3453 p.
704 3388 756 3439 361
773 3402 813 3454 sq.

170 3459 199 3526 4)
218 3455 253 3512 cf.
272 3454 358 3511 eliam
377 3455 541 3513 Mommsen.
580 3455 817 3529 Athandlungsn
832 3456 864 3513 A.
879 3454 1070 3512 11111011,
1084 3454 1121 3504 1.

80 3524 243 3582 Wisssnsolr.
265 3526 308 3581 ΠΙ
323 3528 420 3602 (1867)
439 3549 467 3605 p.
484 3537 539 3591 276
555 3552 601 3608 sq.
