2414 3826
482 179 698 237 PRAEFATIO.
993 183 1099 237 XXVII

118 342 153 406 V.
180 372 221 394 =
247 339 373 406 Codex
397 340 714 408 vindobonensis
741 344 818 427 150,
846 345 925 409 olim
948 344 1097 411 Univers.

247 431 311 496 863
340 430 425 514 apud
452 431 683 496 Endlicherum
712 431 769 499 Nr.
791 432 922 499 CXCVI
929 458 936 518 3
963 435 1098 500 membr.

246 541 327 584 saec.
346 518 443 603 XIII,
468 521 496 584 si
524 519 620 584 fidem
642 521 839 587 Endlichero
862 523 982 588 habere
1005 523 1097 607 licet3

247 607 275 672 is
299 607 407 691 codex,
431 609 487 692 qui
511 609 615 673 solam
639 611 779 693 primam
797 611 942 675 Dindimi
966 633 1097 694 respon-

246 697 370 761 sionem
389 698 543 779 continet,
566 719 761 783 quamquam
780 721 796 764 a
817 701 901 765 bono
922 700 1096 783 archetypo

245 784 423 868 descriptus
452 788 517 867 est,
545 789 654 850 tamen
683 792 808 852 textum
837 789 949 853 multis
972 789 1096 853 librarii

245 873 550 957 interpolationibus
573 874 738 940 foedatum
762 877 901 941 exhibet.

107 961 154 1026 B.
179 991 220 1014 =
245 960 377 1026 Editio
397 961 564 1026 Bissaei:
583 963 747 1028 Palladius
767 964 805 1027 de
820 965 970 1049 gentibus
985 965 1097 1029 Indiae

246 1053 278 1114 et
296 1050 537 1136 Bragmanibus
561 1055 628 1135 etc„
642 1052 678 1115 in
700 1052 803 1117 lucem
826 1053 964 1135 protuIIt
988 1074 1026 1116 ex
1050 1053 1096 1116 bi-

175 1172 178 1178 ,
247 1139 360 1205 bliotb.
379 1159 446 1224 reg.
474 1138 644 1204 Edoardus
663 1140 826 1223 Bissaeus,
844 1139 983 1205 Londini
1004 1142 1097 1206 1688.

245 1225 288 1292 4⁰.
311 1250 342 1310 p.
357 1227 523 1293 85—103.
571 1227 640 1303 Quo
665 1229 749 1292 libro
773 1230 995 1314 manuscripto
1020 1251 1097 1293 usus

247 1317 290 1379 sit
313 1315 479 1399 Bissaeus,
506 1318 631 1400 nesci03
659 1317 747 1382 haud
771 1319 881 1403 magni
905 1318 1001 1401 pretii
1024 1340 1097 1382 eum

245 1403 345 1469 fuisse
369 1405 464 1470 facile
486 1404 591 1489 quivis
614 1406 791 1491 intelleget,
815 1408 868 1491 qui
888 1429 1008 1492 paucas
1033 1407 1097 1471 edi-

244 1494 342 1558 tionis
366 1492 493 1558 Bissaei
516 1495 653 1578 paginas
678 1495 802 1580 legerit.

107 1582 151 1646 R.
176 1611 218 1633 =
241 1581 372 1646 Editio
403 1581 585 1647 Frobeni:
613 1582 649 1648 B.
677 1582 784 1648 Flacci
812 1582 926 1649 Albini
954 1606 1009 1648 seu
1040 1583 1095 1647 Al·

244 1671 330 1735 cuini
354 1669 461 1754 Opera
484 1672 594 1736 omnia
617 1672 663 1736 ed.
688 1671 824 1755 Froben,
848 1672 961 1738 Abbas
985 1671 1097 1737 Sancti

243 1757 431 1823 Emmerani
470 1759 730 1827 Ratisbonensis.
793 1762 963 1826 Ratisbon.
1001 1761 1097 1843 1770,

244 1847 335 1913 Tom.
357 1847 404 1929 II,
428 1870 458 1932 p.
478 1847 541 1913 597
558 1870 604 1932 sq.
630 1879 671 1901 =
701 1849 826 1934 Migne,
854 1850 976 1914 Patrol.
1005 1849 1096 1914 Tom.

246 1936 324 2016 101,
353 1959 382 2020 p.
404 1935 488 2001 1359
510 1958 556 2020 sq.
603 1936 719 2001 Codice
747 1960 824 2002 usus
853 1942 902 2002 est
929 1937 1096 2001 Frobenus

245 2022 477 2088 Millstadtensi
502 2046 601 2108 eoque
625 2026 763 2109 optim03
787 2046 882 2109 quem
902 2046 1096 2107 quamquam

245 2112 315 2195 ipse
347 2134 410 2176 oon
438 2113 504 2177 vidi
533 2149 578 2160 —
608 2135 644 2178 ao
675 2135 716 2177 ne
747 2113 814 2178 scio
845 2113 989 2196 quidem,
1018 2133 1097 2176 num

245 2201 429 2266 etiamnunc
451 2202 484 2265 in
508 2201 628 2286 oppido
649 2201 808 2267 Millstadt
831 2201 968 2267 exsistat
988 2239 1029 2249 -
1049 2205 1097 2265 ta-

245 2311 320 2353 men
337 2291 517 2373 permultas
537 2291 605 2355 eius
624 2291 778 2356 lectiones
803 2291 944 2376 optimas
968 2313 1006 2355 ex
1031 2291 1095 2355 edi·

245 2378 333 2443 tione
366 2377 571 2443 Frobeniana
603 2381 740 2463 cognovi
775 2385 873 2464 atquc
906 2380 940 2444 in
973 2385 1096 2445 textum

246 2467 361 2552 recepi.
420 2467 582 2532 Attribuit
620 2467 753 2534 editioni
790 2469 1011 2534 Frobenianae
1048 2469 1098 2532 vir

246 2555 359 2620 doetus
391 2555 546 2620 Rieberer
580 2557 704 2641 aliquot
739 2558 979 2622 emendationes
1010 2557 1096 2621 haud

246 2644 453 2728 spernendas,
477 2666 555 2728 quas
581 2667 638 2709 suo
662 2647 733 2710 loco
758 2646 1018 2711 commemoravi.

175 2747 214 2812 In
238 2749 345 2814 codice
364 2749 595 2815 Millstadtensi
616 2752 791 2835 subscripti
815 2754 892 2815 sunt
913 2750 948 2814 hi
971 2772 1096 2815 versus:

154 2871 229 2925 Gens
248 2869 402 2940 bragmana
422 2870 534 2939 quidem
553 2870 633 2926 miris
652 2889 723 2940 quaa
741 2871 866 2926 moribus
886 2872 963 2926 extat

211 2956 265 3011 Hic
283 2956 399 3027 legItur‚
418 2959 507 3013 Iactor
525 2962 618 3014 mente
637 2960 721 3013 fidem
739 2959 843 3015 videat.

79 3062 83 3072 ·
157 3045 210 3101 Hic
228 3045 309 3101 Pauli
328 3048 357 3102 et
376 3047 496 3102 Senecae
516 3047 639 3103 breviter
657 3065 791 3117 responsa
809 3049 954 3118 leguntur,

192 3134 336 3201 Quaenam
355 3135 466 3190 notavIt
484 3137 596 3191 nomine
615 3136 733 3205 quisque
753 3153 816 3202 euo;

157 3223 235 3290 Quae
253 3224 319 3294 tibi,
338 3223 453 3294 Magne,
473 3225 557 3280 decus
576 3226 686 3294 mundi,
706 3227 735 3279 et
753 3222 908 3279 clarissime
928 3221 1043 3293 Caesar,

191 3311 308 3366 Albinus
327 3311 416 3380 misit,
437 3328 552 3367 munera
570 3328 669 3382 parva,
689 3315 762 3367 tuus.

173 3439 309 3504 Miserat
334 3440 435 3524 igitur
459 3439 617 3506 Alcuinus
641 3437 759 3507 (latoio
782 3438 909 3527 ldagno
937 3439 1118 3524 ep‘xsbmas,

78 3549 162 3608 ques
182 3532 217 3590 et
237 3527 427 3594 Alexander
445 3528 696 3624 Diudimusque
721 3538 758 3604 et
779 3530 917 3602 beneda
930 3529 1145 3608 nauseas
