2414 3826
141 185 205 251 150
558 184 665 238 rinna
683 183 730 238 111.

140 350 195 414 sed
219 369 352 413 corusco
376 348 436 411 sub
455 347 585 431 lumine,
609 351 645 410 ut
668 347 696 411 si
719 351 879 412 conventu
897 345 1056 420 nebuloso
1076 368 1150 410 vera

138 439 277 521 primum
308 436 545 500 occurrentium
577 435 829 513 confundantur,
860 437 932 498 tum
963 435 1062 499 etiam
1093 436 1151 500 cir·

139 525 362 589 cumsistentia
391 528 478 589 tecta
507 525 649 608 undique
680 523 983 608 cousplendescere,
1016 527 1049 587 et
1079 546 1150 589 oum

137 614 189 678 his
222 636 286 679 una
318 614 434 689 crescit
469 615 566 678 turba
600 614 778 678 formarum
812 615 845 676 et
877 634 1024 676 murmur
1062 635 1151 696 prae·

111 702 278 767 sseutium
306 705 480 785 usurpatur
509 705 541 766 et
569 702 606 765 fit
633 724 766 786 prorsus
793 723 892 764 unum
922 701 983 765 diis
1011 701 1150 767 homini-

137 792 261 875 busque
295 791 489 856 eonvivium.
544 790 606 854 Hic
642 791 750 854 animo
784 789 936 854 confusus
968 793 1150 856 reverentia
1166 800 1194 852 67

138 880 248 944 debita
281 880 466 945 Alexander
500 880 677 964 trepidare3
714 880 833 963 quippe
868 879 1009 943 intuenti
1041 880 1149 945 videre

136 969 201 1033 iam
226 970 343 1034 clarius
373 972 443 1034 erat
466 969 614 1065 flammas
639 968 795 1053 quasdam
823 990 862 1032 ex
890 968 992 1033 oculis
1017 969 1147 1034 deorum

137 1058 410 1123 discumbentium
443 1058 661 1140 promicantes
699 1057 857 1141 prodique
892 1056 1035 1141 effigies,
1069 1081 1149 1143 quas

96 1167 122 1205 10
136 1147 222 1212 haud
241 1149 337 1213 dubie
357 1147 481 1212 divinas
502 1169 572 1211 esse
591 1146 643 1210 vel
661 1147 868 1211 brutissimus
890 1147 1019 1210 sentiat.
1057 1145 1149 1212 Unus

136 1248 214 1319 ergo
241 1236 373 1301 tandem
400 1257 438 1299 ex
461 1235 525 1298 his:
556 1233 692 1320 ‘Havej
717 1235 839 1320 inquit,
863 1234 1060 1299 ‘Alexander
1083 1235 1149 1301 mi'

136 1323 226 1389 Tunc
245 1346 316 1389 cum
337 1346 393 1388 rex
412 1324 653 1388 venerationem
673 1323 816 1387 debitam
839 1323 1033 1388 reddidisset
1053 1346 1149 1408 quae·

136 1413 309 1496 sissetque,
334 1413 405 1496 quis
430 1415 528 1496 esset,
552 1412 607 1494 qui
631 1434 665 1476 se
689 1412 774 1476 foret
795 1412 857 1476 hac
881 1413 1080 1477 salutatione
1104 1414 1149 1478 di-

135 1505 269 1584 gnatus:
295 1499 398 1584 ‘Ego'
418 1501 533 1584 inquit,
553 1498 775 1565 ‘Sesonchosis
794 1501 848 1565 ille
868 1523 953 1584 sum3
977 1502 1033 1565 sed
1053 1504 1148 1586 enim,

96 1607 121 1646 15
136 1592 172 1652 ut
190 1590 289 1671 vides,
309 1589 451 1654 adscitus
471 1589 619 1654 convivio
640 1589 792 1654 caelitum
816 1610 878 1674 ago
897 1612 962 1654 una
982 1612 1055 1655 cum
1077 1591 1147 1674 diis,

135 1678 219 1762 quod
242 1679 388 1761 profecto
416 1682 449 1742 te
477 1701 604 1762 quoque
628 1678 741 1762 procul
764 1679 861 1743 dubio
889 1680 956 1743 iam
980 1679 1147 1746 manebit?

134 1767 186 1830 Ad
210 1767 289 1831 haec
309 1768 491 1831 Alexander
515 1789 587 1832 cum
607 1773 715 1832 ratum
741 1768 810 1851 spei
833 1768 928 1832 istius
948 1767 1147 1853 requisisset,

135 1853 346 1921 Sesonchosis
373 1879 498 1921 rursus:
528 1855 644 1939 ‘Iure‚'
672 1855 793 1940 inquit,
822 1854 902 1921 ‘ista
929 1856 991 1920 tibi
1016 1878 1146 1939 sperare

134 1947 295 2029 convenit,
319 1945 373 2030 qui
391 1945 479 2012 inter
498 1949 604 2011 cetera
622 1945 746 2010 laboris
770 1951 803 2010 et
827 1945 952 2031 gloriae
975 1946 1043 2009 eius
1070 1969 1146 2030 quo·

93 2051 119 2091 20
134 2056 194 2117 que
214 2035 304 2100 urbis
319 2039 432 2100 auctor
452 2035 626 2119 exstiteris,
645 2056 726 2118 quae
742 2034 838 2099 rebus
852 2034 1003 2098 humanis
1018 2036 1145 2119 magni-

132 2123 261 2188 ficentia
290 2125 413 2208 pariter
443 2124 579 2189 antistet
610 2127 643 2189 et
672 2123 788 2207 gloria.
839 2122 945 2197 Quare
976 2123 1067 2188 abito
1099 2125 1147 2187 in-

44 2248 49 2258 ·
130 2214 269 2295 trorsus,
297 2216 335 2277 ut
363 2213 480 2276 summi
509 2233 635 2295 quoque
659 2212 840 2297 potentiam
869 2211 1010 2277 numinis
1035 2235 1145 2277 coram

132 2298 274 2363 salutes?

220 2385 278 2451 43.
303 2386 385 2450 Tum
410 2386 560 2451 audacior
578 2407 634 2451 rex
652 2389 817 2472 ingressus
839 2390 922 2452 sacri
944 2389 1007 2454 loci
1030 2390 1143 2472 penita
1160 2393 1194 2445 68γ

91 2489 117 2530 25
132 2473 310 2539 maiestatis
335 2474 476 2558 effigiem
499 2475 587 2539 videt
615 2480 647 2540 et
673 2477 801 2562 fulgore
826 2477 975 2542 aethereo
1002 2480 1143 2544 reniten-

130 2565 205 2646 tem,
230 2564 392 2628 enimvero
417 2564 635 2651 seduntarium
659 2566 821 2650 talemque
844 2589 990 2650 prorem,
1009 2570 1143 2651 qualem

129 2652 215 2734 apud
234 2651 396 2717 Rhacotin
421 2653 590 2718 adoratum
615 2677 634 2718 a
658 2676 728 2718 sese
748 2677 910 2719 summum
933 2655 1027 2718 deum
1051 2679 1143 2739 prae-

130 2740 232 2804 sidem
257 2740 404 2826 Sarapim
428 2743 637 2809 meminisset.
677 2743 728 2807 Ibi
752 2765 829 2828 ergo
853 2766 926 2808 oum
950 2746 1142 2827 augustissi-

129 2851 216 2893 mum
235 2852 355 2895 numen
374 2831 557 2897 Alexander
581 2833 757 2897 salutasset
781 2833 1043 2916 agnitionemque
1068 2856 1141 2898 oon-

89 2917 234 2983 ofessus
264 2926 349 2986 esset
373 2922 453 2985 olim
477 2922 602 2987 visitati
626 2922 691 3006 dei,
719 2943 829 2986 rursus
854 2921 1067 2987 Sesonchosis
1097 2924 1142 2987 sio

218 3059 320 3111 2tunc
340 3058 370 3113 P.
399 3059 610 3115 circumstantia
629 3061 662 3114 P.
708 3061 828 3114 Aturba
846 3059 999 3114 formarum
1019 3062 1055 3116 A.
1084 3067 1141 3117 tur·

128 3128 226 3182 barum
236 3129 270 3181 P.
307 3133 323 3181 5
339 3129 392 3183 diis
400 3130 435 3186 A.
456 3131 490 3184 de
505 3130 549 3184 his
557 3132 590 3186 P.
628 3139 643 3185 6
659 3131 711 3183 Hie
726 3149 789 3184 cum
805 3131 1100 3202 animo-trepidaret
1108 3136 1140 3191 A.

129 3198 299 3253 7videriA.
343 3206 358 3255 8
379 3201 494 3255 deorum
504 3202 539 3256 A.
559 3202 709 3256 demonum
719 3203 751 3259 P.
796 3208 827 3256 13
847 3203 895 3272 qui
915 3205 989 3257 seA.
1010 3206 1095 3272 quive
1107 3208 1140 3262 P.

130 3274 162 3322 15
182 3272 213 3323 ut
230 3271 309 3324 vides
328 3272 364 3325 A.
392 3273 421 3326 et
438 3271 517 3327 vides
536 3273 568 3329 P.
602 3273 716 3328 celitum
735 3274 768 3327 P.
792 3273 944 3327 celibatum
962 3274 998 3329 A.
1033 3278 1086 3332 diis
1105 3279 1140 3333 A.

127 3339 171 3392 his
190 3340 224 3395 P.
299 3348 330 3396 19
351 3344 513 3398 convenerit
533 3345 565 3398 P.
640 3350 672 3398 21
694 3344 770 3397 abito
793 3345 826 3397 P.
855 3345 968 3399 habitus
987 3347 1023 3403 A.

216 3409 264 3466 43.
289 3419 323 3466 24
342 3413 412 3466 Tum
432 3413 564 3470 audacior
574 3416 646 3471 Mai.
671 3417 741 3469 Tum
762 3417 854 3470 accior
863 3416 898 3470 A.
919 3415 988 3471 Cum
1008 3418 1139 3476 aetiorP.

118 3482 157 3559 255
171 3481 301 3558 aetherio
318 3485 355 3539 A.
383 3485 498 3541 ethereo
521 3487 553 3543 P.
604 3493 637 3542 ‘z‘l
658 3486 780 3541 Racat'm
798 3488 834 3540 A.
843 3487 875 3540 P.
926 3493 961 3541 28
981 3507 1033 3544 con
1053 3508 1141 3564 augu-

123 3551 233 3605 ‘rssrmc
252 3571 361 3612 nomen
381 3557 419 3613 P.
498 3566 534 3616 30
553 3558 605 3616 dei
626 3560 660 3614 P.
691 3556 751 3612 diei
773 3559 805 3611 A.
