2414 3826
128 175 192 239 172
284 175 498 230 ALEXANDRI
516 175 592 229 CUM
610 173 768 231 DINDIMO
787 175 981 234 COLLA'I'IO.

126 340 294 424 incognita
321 338 510 422 prohibent,
536 338 682 402 facinora
710 338 896 403 docuerunt
949 338 1029 404 Una
1057 341 1139 425 genti

127 429 179 491 lex
208 430 272 490 est:
301 432 417 490 contra
444 428 495 490 ius
526 448 591 490 non
618 427 665 490 ire
692 431 838 493 naturae.
882 427 1140 494 Misericordiam

127 516 211 579 nulli
229 515 412 596 tribuimus,
436 516 512 599 quia
530 536 589 579 nec
606 514 672 598 ipsi
689 515 877 580 miseranda
894 518 1141 582 committimus

128 603 250 687 Culpas
279 607 410 670 nostras
441 604 579 667 aliorum
606 603 801 668 remittendo
828 609 966 688 peccata
993 629 1064 671 non
1095 607 1143 671 ab

101 694 246 756 aluimus
278 713 337 755 uec
370 693 492 777 sparsis
520 692 641 755 divitiis
670 693 794 756 scelera
821 698 982 778 congesta
1018 695 1143 760 redimi·

128 803 210 844 mus.
242 780 327 856 Quid
348 781 433 844 enim
453 781 602 863 proficiat
619 782 653 844 in
671 781 856 864 proximum
875 783 1025 866 depensa
1045 784 1144 848 muni-

128 870 258 934 ficentia
277 891 389 951 noxae,
413 891 485 933 cum
505 871 549 933 sit
568 870 695 934 auctori
714 870 829 953 simile,
848 871 936 953 quod
957 871 1144 938 confertur?

128 959 173 1022 Et
195 959 346 1023 fortassis
369 958 525 1022 sincerior
548 964 597 1021 est
620 958 685 1039 ille,
708 980 782 1022 cum
801 980 865 1042 quo
884 959 972 1023 male
998 962 1143 1026 conscius

129 1048 248 1130 raptim
276 1051 392 1130 parata
419 1046 652 1128 communicat,
681 1051 714 1111 et
740 1046 789 1110 ita
817 1047 872 1129 fit,
898 1053 937 1111 ut
964 1049 1059 1115 vitiis
1087 1050 1144 1113 lar·

90 1137 248 1220 rugientis
268 1158 336 1218 par,
355 1135 410 1218 qui
429 1135 557 1216 accipit,
575 1135 744 1198 habeatur.
776 1135 927 1200 Pravitas
947 1138 1051 1222 enim,
1069 1159 1142 1222 quos

130 1224 277 1307 contigit,
297 1229 463 1307 exaequat.
495 1221 657 1287 Laborem
671 1245 736 1288 non
753 1245 949 1308 exercemus,
967 1227 1027 1309 qui
1047 1227 1143 1291 nutrit

131 1313 312 1392 avaritiam,
336 1313 439 1375 otium
462 1316 556 1394 turpe
579 1311 656 1375 dum
679 1312 831 1377 vitamus.
875 1312 1026 1378 Libidini
1050 1337 1142 1379 mem·

130 1401 189 1464 bra
213 1398 415 1463 debilitanda
438 1421 504 1463 non
526 1400 693 1465 tradimus.
738 1399 844 1466 Nocte
867 1423 934 1466 non
957 1404 1086 1468 utimur
1107 1403 1142 1468 ad

129 1487 269 1571 tegenda
287 1486 422 1569 flagitia.
463 1487 555 1552 Nihil
572 1488 720 1571 facimus,
744 1490 829 1572 quod
853 1491 1048 1574 castigetur.
1085 1491 1142 1556 Ne

91 1595 116 1636 15
130 1575 179 1639 fas
210 1580 261 1639 est
288 1576 373 1659 apud
403 1598 463 1640 nos
497 1578 574 1662 iuga
607 1580 766 1642 montium
793 1578 963 1643 vulnerare
994 1581 1142 1646 dentibus

130 1664 181 1728 vel
202 1686 394 1747 ,camporum
417 1665 558 1729 nitorem
580 1667 688 1749 rigare
712 1667 897 1731 vomeribus
926 1673 986 1733 aut
1016 1665 1142 1754 gemen-

130 1753 218 1816 tibus
246 1754 348 1817 tauris
375 1754 547 1818 stridentia
571 1755 717 1837 plaustra
740 1755 944 1840 subiungere.
991 1756 1142 1823 Cruentis

131 1841 267 1926 dapibus
291 1847 419 1906 uterum
448 1865 513 1907 nou
536 1847 736 1927 torquemus.
782 1843 941 1909 Vescendi
970 1867 1074 1912 causa
1102 1867 1143 1911 se

131 1938 219 1996 creta
252 1932 384 1996 litorum
413 1932 537 1995 retibus
569 1953 635 1996 non
665 1932 839 2015 rimamur,
870 1955 935 1998 non
969 1955 1144 2020 aequoreas

91 2043 117 2082 ao
132 2022 314 2085 animantes
342 2025 465 2085 secreta
488 2021 662 2084 venatione
691 2021 880 2105 decipimus,
908 2026 967 2086 aut
995 2024 1084 2088 aeris
1111 2024 1144 2088 li·

130 2111 290 2173 bertatem
319 2114 417 2192 captu
445 2109 553 2174 avium
581 2110 804 2194 verberamus;
835 2110 991 2174 silvarum
1023 2113 1145 2178 incolas

130 2220 196 2261 non
224 2202 391 2260 vastamus
424 2198 578 2282 indagine
611 2220 714 2282 neque
748 2199 853 2282 spolia
880 2198 986 2263 ferina
1015 2200 1144 2266 domum

131 2285 350 2348 convehimus.
392 2284 511 2348 Omnia
528 2286 740 2370 possidemus,
763 2309 983 2371 quaecumque
1006 2310 1079 2354 non
1097 2292 1145 2354 cu·

130 2372 251 2454 pimus3
285 2376 335 2434 est
368 2373 452 2435 enim
486 2374 689 2438 ferocissima
719 2377 821 2458 pestis
853 2376 1033 2460 cupiditas,
1068 2398 1145 2462 quae

92 2479 118 2520 as
134 2460 218 2523 solet
240 2479 376 2542 egenos,
403 2482 483 2543 quos
512 2463 610 2545 capit,
624 2515 628 2521 .
641 2463 795 2543 efficere,·
809 2464 886 2528 dum
914 2464 1015 2529 finem
1045 2466 1145 2550 inqui·

131 2547 221 2611 rendi
239 2569 306 2614 non
324 2547 456 2631 invenit,
478 2550 533 2613 sed
553 2573 591 2615 eo
612 2552 727 2635 magis,
747 2573 811 2636 quo
825 2552 924 2616 fuerit
936 2553 1145 2637 locupletata,

223 2763 235 2810 1
256 2757 406 2827 perhibent
423 2757 457 2814 L.
519 2765 535 2812 5
554 2759 672 2830 sparsis]
691 2761 829 2829 aspersis
848 2761 881 2816 1..
943 2766 958 2813 7
979 2765 1095 2818 auctore
1112 2763 1144 2816 L.

132 2828 268 2882 avaritiae
295 2829 331 2883 B.
369 2829 509 2883 confertur
536 2830 571 2883 L.
579 2831 609 2883 V.
648 2831 737 2885 fertur
764 2837 810 2886 cet.
927 2838 943 2885 9
969 2835 1086 2901 patrata
1111 2834 1145 2888 B.

133 2905 166 2953 10
184 2897 335 2954 haberetur
353 2900 386 2953 L.
414 2901 540 2969 parvitas
558 2900 637 2955 LR.
694 2908 725 2955 11
745 2902 865 2970 contigit
878 2903 913 2956 L.
940 2904 1084 2974 contingit
1101 2909 1144 2959 ret.

133 2975 165 3023 12
184 2973 266 3038 turpe
286 2971 352 3023 dum
367 2970 400 3025 P.
427 2970 610 3041 turpitudinis
628 2972 664 3027 R.
690 2975 773 3042 turpe
792 2973 949 3028 devitamus
962 2974 994 3028 V.
1002 2976 1038 3029 B.
1065 2978 1144 3044 turpe

131 3041 254 3095 vitamus
273 3039 308 3095 L.
366 3047 397 3095 13
416 3048 498 3097 nocte
519 3043 550 3096 V.
570 3045 636 3098 note
650 3043 684 3098 L.
704 3049 773 3098 uota
790 3045 863 3099 ΗΒ.
923 3051 956 3098 14
976 3047 1101 3114 tegenda
1114 3046 1144 3100 P.

131 3110 254 3165 tenenda
271 3109 347 3165 LR.
375 3113 517 3167 tendenda
534 3113 565 3169 V.
594 3115 830 3184 nocte—flagitia
847 3133 896 3171 om.
915 3115 951 3168 B.
979 3117 1099 3172 fecimus
1113 3117 1144 3169 L.

132 3183 242 3251 agimus
261 3182 293 3236 V.
319 3182 474 3252 castigetur
492 3184 567 3238 P.B.
594 3186 715 3253 castiget
733 3187 766 3239 L.
775 3186 805 3238 V.
832 3187 877 3239 lex
896 3186 1019 3256 castiget
1036 3188 1074 3242 R.
1101 3188 1145 3241 lux

132 3254 252 3321 castiget
271 3253 407 3308 Rieberer.
460 3261 492 3308 15
512 3259 657 3311 vulnerare
675 3257 712 3312 R.
738 3257 880 3310 vulnerari
898 3263 945 3312 cet.
1001 3265 1035 3312 16
1054 3260 1144 3327 rigare

131 3323 247 3379 L.P.B.
275 3323 378 3379 rimare
397 3325 432 3379 R.
461 3326 558 3380 rimari
577 3329 609 3381 V.
636 3343 737 3396 rugare
756 3327 830 3381 Keil.
911 3332 944 3380 17
963 3328 1094 3396 plaustro
1111 3327 1144 3381 L.

133 3402 166 3449 18
186 3395 305 3465 secreta]
326 3399 403 3450 secta
420 3397 489 3451 LB
578 3404 610 3451 19
628 3398 763 3451 rimamus
782 3397 817 3450 R.
898 3403 932 3451 22
951 3403 1097 3453 vastamur
1114 3399 1144 3452 L.

132 3469 166 3518 24
184 3466 399 3520 feracissimaL.
432 3473 467 3521 25
486 3469 561 3538 cepit
571 3470 607 3523 B.
626 3467 834 3536 requirendiB.
865 3473 899 3524 26
920 3471 1101 3540 eomagisR.
1120 3471 1146 3523 et

118 3536 214 3605 tnagis
232 3537 309 3593 ΛΡ.
340 3539 435 3610 magis
456 3539 533 3596 V.B.
