2386 3832
126 155 171 219 34
559 153 708 209 1111111.

128 318 200 402 quis
227 321 338 381 tamen
366 316 421 381 ille
449 316 564 380 ductus
587 315 729 381 fluminis
753 316 830 396 fuit,
858 317 886 380 is
913 337 1000 380 nunc
1023 317 1143 400 plateis

127 406 213 490 apud
243 404 474 469 Alexandriam
504 408 630 468 tractus
661 408 724 491 est,
755 405 811 469 sed
843 404 905 469 duo
936 408 1068 470 tantum
1097 407 1144 470 in-

127 515 258 578 gressus
287 493 458 559 fluminum
491 493 665 577 reservati,
697 493 798 558 ceteri
829 492 963 558 nomina
992 495 1143 578 partibus

127 583 236 667 oppidi
255 583 497 666 praestiterunt.
538 581 644 665 Igitur
664 603 758 647 omne
779 582 920 664 spatium
939 582 979 647 ab
1004 605 1042 648 eo
1062 582 1143 668 loco,

99 674 177 737 sciri
196 671 389 735 Bendidium
408 673 501 735 vetus
520 692 639 735 nomen
658 674 716 755 est,
735 692 836 753 usque
856 671 896 735 ad
915 669 1142 755 Hermopolim

126 761 216 825 urbis
237 760 305 824 eius
325 759 450 824 ambitu
466 763 658 844 occupatum
673 763 731 825 est.
768 757 931 825 Sedenim
947 781 1070 825 nomen
1082 760 1143 826 hoc

127 850 225 934 longe
250 870 349 933 secus,
373 869 411 913 ac
435 870 468 912 se
491 849 612 913 veritas
636 847 746 926 habet,
771 848 805 911 in
829 870 888 912 usu
913 850 1142 932 appellationis

126 938 260 1022 resedit3
284 937 516 1002 Hormuenim
534 937 629 1021 polis,
651 959 717 1002 non
735 933 955 1021 Hermopolis,
978 936 1066 1003 dicta
1085 944 1142 1019 est,

127 1026 214 1110 quod
241 1025 429 1110 portuosius
456 1025 525 1090 illic
553 1026 663 1090 alveus
691 1023 759 1090 Nili
787 1025 948 1109 latiusque
977 1025 1013 1089 in
1041 1027 1143 1091 latera

86 1139 113 1178 10
128 1115 324 1181 descendens
338 1115 436 1179 fidam
452 1114 628 1179 stationem
642 1114 780 1179 navibus
795 1135 852 1199 per
871 1135 942 1178 sese
956 1114 1141 1180 labentibus

127 1204 255 1270 faceret.

216 1291 275 1359 25.
302 1290 397 1354 Hanc
419 1291 520 1375 igitur
542 1291 656 1356 urbem
679 1292 820 1356 nominis
845 1291 894 1356 sui
917 1292 1136 1374 appellatione
1155 1304 1187 1356 21

126 1380 280 1465 dignatos
294 1380 328 1444 in
343 1400 480 1463 omnem,
496 1383 653 1461 quantum
667 1380 729 1445 visi
746 1379 850 1465 datur,
864 1380 1137 1464 magnificentiam

125 1468 302 1551 laboravit,
331 1467 480 1552 quamvis
504 1466 693 1534 Cleomenes
723 1469 761 1532 de
790 1469 957 1535 Naucrate
987 1467 1141 1535 11111111-

87 1560 232 1621 11111111
256 1555 401 1620 Rhodius
424 1556 460 1619 in
484 1577 555 1620 eam
579 1558 773 1621 sententiam
796 1579 863 1622 non
887 1558 1083 1641 accederent,
1106 1564 1142 1622 ut

125 1649 251 1709 tantam
279 1645 371 1708 illam
401 1645 533 1730 urbem,
558 1648 682 1729 quanta
708 1667 792 1711 nunc
821 1649 885 1732 est,
911 1646 974 1710 niti
1003 1646 1142 1730 deberet,

127 1733 212 1817 quod
241 1754 346 1818 neque
373 1733 492 1816 repleri
522 1734 739 1799 aedificiorum
768 1734 875 1818 spatia
899 1736 1014 1799 metita
1037 1735 1141 1800 turbis

126 1822 384 1905 competentibus
414 1822 625 1906 opinarentur
652 1845 712 1887 nec
739 1825 864 1908 repleta
892 1823 936 1888 ali
963 1823 1060 1888 facile
1085 1846 1141 1908 po·

126 1911 275 1978 tuissent
320 1909 371 1976 Ex
399 1933 463 1996 quo
486 1911 555 1976 fore
579 1912 823 1977 arbitrabantur
845 1913 933 1976 bella
958 1912 1142 1997 frequentia

86 2024 113 2063 20
128 2002 179 2066 vel
197 2000 391 2066 necessitate
410 2000 609 2085 quaerendae
629 2001 804 2066 alimoniae
828 2002 869 2066 ab
893 2001 974 2084 ipsis
997 2001 1142 2068 incolen-

125 2090 214 2156 tibus
237 2090 387 2174 ineunda,
411 2112 467 2154 seu
491 2090 659 2175 opulentia
681 2091 918 2175 praevalerent,
942 2111 998 2154 seu
1018 2090 1141 2155 viribus

126 2179 354 2262 deficerentur,
385 2178 461 2242 dum
492 2183 549 2243 aut
578 2181 725 2263 peterent
755 2179 877 2263 aliquid
908 2181 965 2242 aut
995 2183 1141 2264 peteren-

125 2271 186 2331 tur.
238 2266 365 2349 Quippe
393 2266 593 2330 moderatum
620 2267 750 2331 urbium
779 2271 901 2332 statum
933 2269 966 2331 et
994 2268 1140 2332 consiliis

125 2354 253 2418 facilius
273 2354 383 2418 cedere
408 2357 441 2415 et
464 2353 505 2416 ad
524 2355 796 2419 sustentationem
816 2356 866 2420 sui
885 2357 1069 2440 promptius
1090 2378 1139 2422 oc·

84 2463 255 2507 recursare
279 2441 432 2524 amicum,
460 2441 619 2524 siquidem
647 2444 849 2509 multitudini
876 2465 936 2508 nec
958 2445 1065 2509 facilis
1090 2445 1139 2510 sui

125 2531 209 2614 apud
233 2551 344 2594 omnes
368 2529 498 2616 singula
522 2529 726 2596 dinoscentia
749 2536 848 2616 atque
872 2533 971 2597 etiam
995 2532 1139 2599 difficilis

124 2621 175 2683 vel
199 2619 406 2703 conspiratio.

214 2708 417 2792 Quamquam
441 2707 543 2794 igitur
560 2709 659 2796 longe
678 2709 803 2775 auctius
822 2731 880 2774 rex
899 2710 1031 2775 metitus
1050 2710 1136 2776 loco·
1155 2727 1187 2782 22

124 2820 197 2863 rum
217 2797 464 2881 amplitudinem
483 2797 579 2883 foret,
602 2801 711 2864 tamen
732 2799 771 2864 ad
792 2799 988 2864 sententiam
1007 2821 1139 2883 persua·

213 3026 337 3080 4abeo
356 3025 417 3079 1111
436 3025 493 3082 Mr.
523 3041 556 3079 11
575 3024 638 3080 1111
657 3026 694 3081 A.
771 3025 974 3081 5Bendidium
992 3025 1138 3082 Latronue.

123 3095 261 3150 indidium
280 3096 316 3150 A.
368 3103 384 3151 6
403 3096 512 3150 ambitu
533 3097 606 3150 Mal.
630 3097 767 3151 ambitum
787 3097 823 3153 A.
870 3097 1014 3151 8Η1111111
1030 3099 1139 3166 scripsi.

124 3167 229 3221 Hormo
248 3167 284 3222 A.
376 3169 559 3238 9portuosus
578 3167 635 3222 Mr.
728 3173 761 3222 10
780 3166 932 3223 stationem
954 3169 1028 3222 Mai.
1054 3169 1138 3223 aesti-

124 3237 276 3293 mationem
294 3237 330 3293 A.

213 3307 261 3364 25.
282 3314 316 3362 14
335 3307 370 3362 de
389 3309 530 3363 Naucrato
551 3308 647 3378 Geyer.
673 3326 707 3365 ac
726 3307 881 3364 Naucratae
900 3312 935 3363 A.
1030 3315 1062 3365 17
1082 3326 1138 3364 me-

123 3379 178 3432 tita
196 3384 223 3432 1⁸.
248 3378 336 3433 etita
354 3379 390 3435 A.
434 3384 468 3434 18
487 3379 572 3434 facile
590 3379 625 3435 A.
650 3379 742 3435 facere
761 3387 787 3436 1,
833 3387 867 3435 22
886 3380 1071 3435 deflectantur
1089 3386 1138 3435 Η

122 3447 275 3503 deficerent
293 3448 329 3505 A.
366 3452 496 3519 peterent
513 3457 541 3505 ’1.
562 3449 731 3520 impeterent
747 3452 782 3507 A.
856 3456 891 3506 25
910 3451 1033 3506 amicum
1052 3451 1139 3519 siqui·

105 3513 173 3565 dem
192 3522 241 3571 ete.
263 3526 416 3590 corrupta·
435 3522 467 3577 in
486 3527 514 3581 1.
533 3522 576 3578 nil
595 3523 695 3590 lepitur
