2414 3826
246 167 390 224 ALTERA
409 169 609 226 RESPONSIO
628 168 852 224 ALEXANDRI.
992 167 1054 233 187
1110 125 1114 135 Ι

35 336 185 398 stratum
208 333 332 417 nullus,
360 337 396 397 ut
424 333 555 417 asseris,
584 333 679 398 decor
707 336 845 418 augetur
867 331 1054 396 ornatibus:

38 421 219 503 assentior,
248 421 368 505 quippe
395 442 454 486 nec
483 445 535 486 ars
564 420 707 487 officium
734 442 794 485 nec
822 420 959 484 materia
987 421 1054 484 ulla

36 509 238 593 suppeditat.
275 508 379 574 Nemo
403 510 490 594 apud
509 531 567 575 vos
590 509 733 575 incestus
756 511 808 574 vel
831 508 982 574 adulterii
1005 508 1053 572 in-

37 598 230 663 flammatur
253 598 381 663 ardore:
404 598 552 663 miranda
574 619 625 662 res
649 600 748 681 esset,
771 598 798 662 si
822 599 964 682 proprio,
986 619 1053 662 non

38 687 246 752 necessitatis
273 686 393 752 iudicio
418 687 583 772 viveretis,
611 687 639 750 si
667 686 811 750 animum
838 692 982 751 restrum
1010 688 1079 751 abs

38 775 166 841 illicitis
195 775 360 840 amoribus
387 775 562 858 pudicitiae
584 774 831 858 contemplatio,
858 796 926 838 non
949 774 1052 839 defor-

38 864 165 929 mitatis
185 867 309 929 arceret
327 865 481 949 aspectio,
505 865 534 928 si
554 864 688 928 castitas
706 884 773 926 non
791 862 912 927 coactis
931 863 1070 928 indicta

38 951 171 1016 ieiuniis
190 953 414 1017 testimonium
432 953 610 1018 voluntatis
630 953 777 1035 eriperet.
813 951 945 1015 Etenim
963 952 1053 1015 nulla

39 1042 169 1106 saevior
196 1045 306 1125 potest
329 1041 524 1106 mortalibus
547 1041 648 1124 pestis
677 1040 817 1124 evenire,
846 1061 945 1123 quam
973 1039 1052 1103 haec

38 1151 101 1214 res,
125 1150 207 1213 quae
231 1129 360 1213 quidem
384 1152 449 1195 non
472 1130 632 1194 desideria
649 1128 793 1193 libidinis
819 1129 902 1193 solet
925 1128 963 1192 de
983 1149 1092 1191 sen-10

38 1217 130 1282 sibus
149 1218 299 1282 humanis
319 1217 454 1301 auferre,
477 1218 533 1283 sed
552 1217 684 1301 factum,
704 1217 737 1281 id
757 1220 892 1281 estnon
911 1219 1052 1280 mentem

37 1308 81 1372 ab
107 1307 226 1370 scelere
245 1307 427 1391 prohibere,
451 1307 507 1371 sed
531 1329 648 1390 corpus
673 1307 713 1371 ab
738 1327 842 1389 opere,
865 1327 931 1370 non
950 1305 1052 1389 repri-

38 1416 127 1460 mere
149 1395 294 1459 iubentis
317 1396 502 1479 imperium,
531 1396 587 1461 sed
610 1396 723 1461 tollere
747 1394 936 1459 famulantis
960 1395 1051 1458 obse-

38 1484 160 1568 quium.
206 1482 319 1548 Manet
341 1485 443 1569 igitur
466 1507 564 1549 causa
586 1485 726 1570 peccati,
750 1505 823 1548 cum
847 1484 897 1548 vel
920 1487 1052 1567 praesto

40 1575 100 1654 [cst
121 1573 274 1656 cupiditas
296 1592 404 1656 accde,
428 1593 522 1654 quum
544 1574 572 1638 is
594 1574 678 1639 solus
700 1573 814 1655 effupit
837 1574 903 1654 qud]
925 1571 1052 1636 etiamsi
1067 1593 1092 1636 15

38 1664 161 1745 posset,
183 1682 248 1725 non
273 1662 407 1726 subiret.
454 1661 570 1726 Dicitis
593 1662 683 1746 leges
708 1683 766 1726 vos
790 1663 823 1724 et
845 1661 963 1725 iudicia
986 1682 1053 1725 non

37 1749 169 1833 habere,
187 1749 306 1813 litteris
321 1771 387 1814 non
402 1750 540 1833 studere,
554 1749 809 1814 misericordiam
823 1771 927 1832 neque
941 1754 1052 1833 petere

39 1858 146 1920 neque
168 1838 318 1904 tribuere.
366 1836 485 1904 Omnia
511 1838 591 1902 haec
615 1859 688 1902 cum
712 1836 817 1901 beluis
841 1840 970 1902 constat
992 1859 1051 1902 vos

38 1926 160 1990 habere
188 1927 388 2010 communia,
420 1927 535 2011 quibus
565 1931 602 1992 ut
629 1926 769 1990 facultas
798 1925 958 1989 sentiendi
986 1946 1052 1989 non

37 2016 193 2100 suppetit,
215 2016 263 2079 ita
287 2017 436 2079 voluntas
459 2014 586 2080 fruendi
609 2014 738 2080 sublata
761 2016 819 2078 est.
857 2012 1051 2078 Rationibus
1067 2037 1093 2078 so

38 2103 150 2186 nobis,
179 2103 212 2168 id
240 2107 290 2169 est
313 2105 526 2169 rationalibus
550 2103 752 2188 hominibus,
782 2101 838 2186 qui
861 2102 980 2166 nullius
1004 2102 1053 2166 in-

38 2191 131 2257 ediae
149 2193 222 2277 lege
241 2192 502 2276 perstringimur,
522 2193 576 2276 qui
597 2192 638 2257 ad
657 2193 738 2256 bene
757 2191 931 2256 vivendum
948 2190 1052 2256 libero

37 2281 213 2346 incitamur
236 2281 382 2365 arbitrio,
405 2285 442 2345 ut
460 2282 677 2346 voluntariam
695 2279 932 2346 continentiam
956 2280 1054 2364 digna

37 2370 259 2435 remuneratio
288 2374 518 2455 consequatur,
548 2370 636 2435 dedit
666 2371 787 2435 multas
816 2373 934 2434 natura
962 2369 1052 2433 blan-

38 2459 154 2543 ditias,
185 2481 264 2542 quas
292 2460 483 2543 plerumque
511 2460 615 2524 virtus
645 2461 770 2544 sopitas
799 2459 937 2524 cohibet.
987 2457 1051 2522 lm·
1067 2478 1094 2520 aa

37 2547 194 2632 possibile
222 2552 272 2613 est
302 2548 404 2628 enim,
434 2552 471 2613 ut
500 2552 628 2614 tantam
658 2549 769 2614 mundi
797 2548 1053 2633 magnitudinem

131 2757 250 2813 lnullis
268 2759 303 2812 R.
333 2758 497 2813 ornantibus
516 2758 549 2816 L.
631 2758 845 2814 2assenti01t.
875 2755 996 2812 assensio
1019 2757 1051 2812 P.

37 2829 160 2884 assensio
179 2828 214 2884 L.
252 2829 367 2900 quippe]
388 2829 462 2883 enim
484 2831 517 2883 P.
560 2847 604 2884 ars
627 2847 680 2884 nec
703 2829 826 2882 officium
852 2827 886 2882 P.
920 2825 1052 2881 offuciam

38 2900 180 2955 Biscacus.
244 2906 259 2954 3
279 2900 401 2956 incestus
416 2900 492 2956 Mc.
517 2901 624 2955 incesto
641 2901 674 2956 P.
698 2898 836 2954 incestivo
850 2898 886 2953 B.
919 2897 1052 2952 adulterii

37 2970 115 3025 ΒΕ.
144 2970 283 3026 adulterio
303 2970 335 3025 P.
363 2970 521 3026 adulterino
540 2972 575 3027 B.
656 2970 791 3025 lardore
810 2985 860 3024 om.
880 2969 912 3024 P.
945 2985 989 3023 res
1008 2969 1053 3023 dei

37 3044 114 3096 esset
132 3041 168 3097 R.
242 3042 399 3096 6inlicitos
419 3042 453 3098 L.
533 3042 676 3098 vindicta
694 3041 769 3097 Ρ.Β.
798 3039 922 3096 indicata
940 3038 974 3094 L.
1004 3041 1053 3094 sed

37 3112 171 3168 indicatis
189 3113 225 3168 Β.
286 3113 477 3182 8voluptatis
496 3114 529 3168 L.
591 3119 624 3168 10
643 3110 769 3168 libidinis
788 3111 864 3167 L.R.
892 3109 1053 3165 huiusmodi

40 3184 117 3240 Ρ.Β.
210 3189 242 3237 13
268 3183 387 3253 imperio
413 3183 449 3238 L.
547 3190 577 3239 15
597 3185 679 3240 verbu
703 3185 784 3240 eduis
808 3185 918 3238 inclusa
943 3183 1053 3237 addidit

39 3254 177 3310 Riebercr.
266 3261 298 3309 16
317 3273 367 3310 vos
391 3271 441 3309 om.
465 3255 500 3309 L.
585 3261 617 3310 18
637 3256 713 3326 cum]
738 3255 812 3309 enim
835 3255 871 3309 B.
904 3253 993 3308 beluis
1016 3253 1052 3308 R.

38 3325 141 3380 melius
165 3326 198 3380 L.
206 3326 240 3380 P.
269 3324 387 3379 mortuis
406 3326 441 3381 B.
534 3333 565 3381 19
585 3327 711 3381 seniendi
729 3327 765 3380 B.
857 3331 890 3379 20
909 3324 1052 3379 rationuli-

38 3397 92 3450 bus
111 3397 147 3452 R.
216 3403 248 3450 21
268 3396 446 3452 rationabilis
465 3397 499 3452 L.
568 3403 601 3452 22
621 3397 836 3468 perstringimus
855 3397 889 3450 L.
959 3400 992 3449 23
1010 3395 1052 3449 in-

39 3466 180 3536 stigamur
197 3467 232 3522 B.
288 3472 323 3522 25
342 3467 450 3537 sopitas
464 3469 586 3538 scapeia
605 3468 727 3540 sospitas
745 3469 780 3522 P.
797 3468 895 3536 sopita
907 3466 992 3520 Lm.
1002 3466 1067 3516 tax-

39 3537 97 3593 tior
116 3537 152 3593 R.
181 3537 290 3593 inhibet
306 3539 342 3595 B.
