2414 3826
399 162 526 218 OBITUS
545 161 768 217 ALEXANDRI.
1025 165 1087 228 161

77 325 277 390 mensuratio
292 330 458 408 comperta
471 325 567 390 nobis
581 326 643 390 hoc
657 326 767 390 modo:
786 325 856 390 dies
872 348 962 391 sacer
976 349 1088 394 eum...

76 414 262 480 convivium
298 415 399 478 etiam
433 414 559 479 celebre
595 414 783 498 exhibebat,
819 415 858 478 ad
894 415 980 499 quod
1013 437 1088 481 con·

76 503 196 567 virium
239 506 291 567 tot
333 502 506 586 amphoris·
536 503 697 587 repletum
739 524 809 568 esse
850 525 908 568 vas
950 508 1089 571 constat.

74 592 251 656 Enimvero
281 614 337 655 vas
368 591 454 655 istud
482 592 677 674 inscalptum
706 595 776 656 erat
806 594 901 676 atque
931 594 1088 658 caelatum

74 680 246 745 navalibus
274 680 422 764 proeliis,
455 702 536 765 quae
562 679 685 744 Xerxes
714 680 799 763 apud
826 680 1114 764 Peloponnesum

74 769 280 834 militaverat.

166 855 224 922 53.
262 856 346 920 Erat
377 857 461 920 inter
493 857 553 921 illa
581 857 761 921 caelamina
793 860 826 921 et
856 859 936 922 sella
965 859 1086 943 regalis
1105 869 1150 921 86.

75 947 202 1028 scalpta
225 946 412 1028 insertaque
432 946 521 1029 operi
545 967 583 1009 ex
607 966 695 1029 aure,
719 945 851 1009 stellata
868 947 1032 1030 lapidibus
1055 951 1088 1012 et

75 1056 114 1098 ex
141 1035 247 1118 pretio
275 1034 424 1118 insignis.
469 1033 682 1117 impendebat
709 1037 817 1098 autem
845 1035 944 1098 etiam
973 1035 1087 1100 sellam

74 1123 175 1187 istam
207 1124 334 1207 vertigo
368 1122 525 1205 quaedam
560 1123 600 1186 ad
633 1122 763 1186 modum
796 1123 908 1187 mundi
939 1124 1087 1207 figurata,
1101 1145 1127 1185 ro

76 1233 174 1294 quam
202 1212 307 1294 ipsam
337 1233 464 1295 quoque
490 1233 649 1294 responsa
677 1212 737 1276 sub
765 1212 981 1294 praesentiam
1004 1213 1088 1296 regii

75 1301 211 1383 spiritus
235 1300 312 1364 dare
336 1322 447 1364 omnes
467 1300 591 1383 pariter
614 1299 817 1366 adserebant.
853 1299 992 1384 Propter
1010 1323 1086 1366 vero

75 1409 149 1453 eam
179 1393 229 1454 est
258 1389 321 1453 sita
349 1389 439 1472 lyrae
462 1389 561 1454 facies
591 1410 629 1454 ex
653 1393 722 1454 arte
735 1389 916 1472 eiusmodi,
944 1393 980 1455 ut
1005 1390 1087 1456 nihil

75 1478 221 1541 demutet
245 1478 285 1542 ab
310 1499 347 1541 ea
370 1477 457 1560 lyra,
485 1499 568 1560 quae
596 1478 640 1542 sit
663 1500 796 1561 canora3
826 1480 872 1543 sic
895 1479 961 1544 ista
989 1480 1088 1546 etiam

75 1565 117 1630 ad
146 1566 326 1631 canendum
353 1566 403 1629 uti
430 1568 552 1650 solent3
582 1588 658 1631 nam
689 1572 722 1631 et
752 1571 867 1650 sponte
896 1568 1087 1652 plerumque
1101 1588 1127 1628 15

76 1654 195 1739 spiritu
214 1658 335 1719 tactam
355 1675 468 1718 canere
487 1654 572 1720 hanc
586 1655 692 1739 lyram
710 1660 878 1720 noverant.
909 1656 955 1723 Et
972 1657 1087 1721 iuxtim

74 1744 197 1807 viseres
221 1743 324 1807 veluti
347 1744 476 1808 thecam
500 1745 688 1827 poculorum
713 1744 850 1808 sedecim
875 1745 993 1810 cubitis
1022 1767 1087 1810 ere·

76 1834 177 1914 ctam,
204 1854 365 1915 supraque
388 1854 460 1896 eam
484 1834 613 1896 thecam
637 1836 824 1917 congestam
848 1833 991 1917 effigiem
1015 1834 1087 1897 alti-

76 1919 199 1985 tudinis
226 1943 284 2003 per
306 1920 417 1986 cubita
440 1921 608 2006 octoginta
635 1942 700 1984 una
727 1942 802 1985 cum
825 1921 979 2004 gradibus
1003 1926 1088 1985 octo-

76 2010 179 2093 ginta.
219 2009 271 2073 lbi
295 2010 424 2073 demum
448 2013 482 2073 et
504 2010 578 2074 fons
597 2009 692 2074 fictus
716 2012 775 2093 est,
800 2012 832 2074 et
856 2009 966 2092 aquila
989 2021 1088 2078 aurea
1101 2032 1127 2071 ae

75 2098 314 2181 supersistebat
346 2098 426 2163 adeo
458 2098 604 2183 effigiata
636 2097 784 2180 daedale,
816 2100 853 2162 ut
882 2097 994 2182 pansis
1027 2098 1088 2162 alis

75 2209 206 2251 omnem
236 2187 325 2251 illius
357 2187 465 2270 operis
498 2188 657 2251 ambitum
688 2189 823 2271 tegeret
874 2185 1023 2270 Namque
1056 2190 1090 2250 et

75 2275 208 2339 arbores
238 2276 382 2359 scalptae
411 2279 444 2339 et
471 2276 571 2360 myrti
602 2276 761 2359 quaedam
790 2297 940 2341 ramosae
967 2275 1088 2342 ibidem

73 2364 290 2448 notabantur,
320 2386 434 2429 omnes
463 2365 546 2429 istae
576 2365 616 2429 de
646 2387 735 2431 auro.
784 2363 891 2430 Multa
920 2370 1088 2450 praeterea

71 2453 143 2516 11116
165 2452 264 2536 fuere,
287 2474 370 2536 quae
389 2454 541 2537 quoniam
563 2475 667 2537 neque
691 2454 908 2520 abundantiae
932 2477 1010 2519 suae
1032 2475 1086 2518 ne·
1101 2477 1127 2516 aa

75 2563 138 2625 que
176 2542 411 2626 magnitudinis
447 2543 584 2626 pretiive
621 2543 717 2608 facile
754 2542 948 2609 offenderint
982 2542 1088 2627 fidem,

75 2651 192 2695 censeo
215 2632 515 2713 praetermittenda.
561 2630 657 2696 Nunc
679 2630 772 2697 vale?

166 2716 224 2783 54.
245 2719 305 2783 His
325 2720 454 2803 scriptis
474 2742 546 2784 cunr
565 2742 585 2784 a
603 2720 788 2802 Babylonia
805 2720 867 2806 1161
880 2717 1019 2783 Alexan·
1055 2725 1140 2781 XXX.

74 2806 145 2890 der,
170 2808 288 2871 mirum
313 2813 500 2892 portentum
524 2813 621 2892 atque
647 2807 778 2872 evidens
803 2806 844 2870 ad
870 2807 991 2870 exitum
1016 2806 1152 2874 161187.

73 2894 233 2961 Nuntiata
252 2898 370 2981 quippe
390 2901 440 2961 est
462 2898 577 2962 mulier
594 2895 718 2960 foetum
739 2895 898 2960 eiusmodi
915 2896 1088 2982 peperisse,
1101 2919 1128 2959 so

166 3042 178 3087 1
200 3033 246 3088 die
265 3035 335 3090 sacri
353 3037 388 3091 A.
418 3041 482 3104 post
502 3036 588 3090 ‘eum'
609 3035 717 3103 aliquid
735 3035 867 3090 excidisse
884 3036 1006 3090 videtur:
1028 3052 1087 3089 cer-

73 3103 245 3160 taminibus?
270 3108 311 3160 ael
337 3109 484 3174 ageretur?
561 3103 707 3160 26616116
733 3122 802 3162 corr.
828 3122 862 3162 ea·
886 3105 1029 3162 celebrare
1051 3109 1087 3163 A.

75 3179 92 3228 ὁ
111 3176 332 3245 peloponensum
351 3177 427 3232 ΑΡ.

165 3247 214 3303 bd.
230 3251 303 3302 14111
313 3248 499 3315 abealyraA.
515 3262 586 3315 quae
595 3248 617 3301 61
627 3264 740 3302 canora:
756 3247 1088 3316 sieietametiamspiritu

73 3319 181 3371 tactam
197 3334 296 3372 canere
307 3319 339 3374 P.
378 3324 410 3372 15
426 3319 519 3372 solent
529 3318 600 3372 Mai.
619 3320 691 3373 solet
700 3319 736 3375 A.
774 3325 808 3374 16
825 3318 936 3388 spiritui
949 3322 1041 3372 aetam
1051 3319 1087 3372 A.

77 3395 109 3442 11
125 3390 228 3444 viseres
238 3390 274 3445 A.
292 3392 367 3444 vires
378 3391 412 3444 P.
452 3395 483 3443 17
498 3389 666 3459 populorum
675 3391 709 3445 P.
747 3396 781 3443 20
796 3389 892 3458 aquila
899 3391 934 3444 A.
950 3389 1046 3456 aliqua
1053 3390 1087 3443 Ρ.

165 3459 214 3517 54.
237 3466 272 3515 28
297 3476 315 3515 a
338 3460 494 3530 Babylonio
520 3461 578 3515 iam
603 3463 648 3516 ret
673 3462 707 3519 P.
744 3461 934 3530 Babyloniam
951 3459 1015 3510 'net
1035 3459 1103 3507 111,

75 3535 109 3585 29
129 3530 229 3584 mirum
250 3535 280 3586 et
295 3534 461 3602 portentum
471 3532 508 3588 A.
528 3532 651 3591 exitium
662 3532 699 3590 A.
739 3538 779 3588 bb
794 3529 943 3584 resume.
955 3526 1078 3577 nucum
1089 3520 1127 3566 X<

119 3627 207 3668 Icarus
223 3629 359 3674 Vannius.
625 3680 630 3688 Ι
935 3617 982 3663 Ἃ
