2414 3826
125 144 168 208 36
558 143 668 199 LIBER
685 143 706 198 Ι.

30 330 37 344 ’
124 308 194 372 ulla
226 307 303 372 urbs
335 307 470 390 habeat,
503 307 608 371 omnis
641 309 718 391 post
749 306 783 370 id
816 327 951 390 operum
983 307 1139 392 imposita

124 395 263 461 molitio.

215 482 321 560 Quare
340 483 493 549 cumbae
512 483 617 562 urbes,
641 504 723 567 quae
746 482 780 547 in
805 483 893 547 omni
912 482 990 548 orbe
1008 485 1139 549 terreno
1158 498 1188 551 24

126 573 287 637 maximae
310 572 528 655 celebrantur,
556 572 590 635 in
613 571 692 635 haec
716 572 823 656 spatia
844 575 1032 636 numeratae
1057 573 1141 638 sint:

90 682 112 724 -a
126 658 303 746 Syriaeque
324 662 367 725 sit
385 661 499 725 civitas
518 661 570 726 vel
590 659 793 744 amplissima
812 657 988 725 Antiochia
1008 663 1142 727 extenta

127 749 240 814 stadiis
274 753 348 815 octo
383 749 519 833 pedibus
557 749 764 834 septuaginta
800 748 942 832 duobus,
975 747 1141 835 Carthago

126 860 217 921 vero,
246 859 328 922 quae
351 839 571 923 principatum
594 836 725 903 Africae
752 840 856 920 tenet,
885 838 1001 902 stadiis
1030 838 1141 904 decem

126 930 275 1012 porrecta
311 927 459 993 videatur
496 927 656 1011 studiique
693 929 785 1010 parte
823 927 954 1010 quarta,
990 925 1142 1011 Babylon

126 1037 225 1100 porro
250 1015 364 1081 stadiis
388 1015 555 1087 duodecim
578 1016 678 1100 longa
706 1014 749 1079 sit
777 1017 810 1078 et
836 1014 970 1098 pedibus
994 1015 1142 1081 ducentis

87 1128 114 1166 ro
129 1108 225 1190 atque
248 1105 379 1190 viginti,
407 1106 479 1189 ipsa
507 1125 633 1188 qnoque
663 1103 792 1168 domina
821 1102 968 1168 omnium
994 1105 1143 1188 gentium

126 1188 233 1259 Roma
257 1194 515 1278 quattuordecim
540 1192 653 1256 stadiis
678 1195 711 1256 et
733 1191 868 1276 pedibus
889 1195 1018 1258 eentum
1043 1196 1142 1278 atque

128 1282 245 1367 viginti
277 1283 377 1366 longa
410 1282 561 1365 primitus
595 1281 709 1363 fuerit,
741 1280 885 1346 nondum
920 1281 1054 1346 adiectis
1088 1283 1142 1347 his

128 1370 292 1454 partibuS,
320 1391 402 1454 quae
430 1369 568 1433 multum
597 1370 842 1452 congeminasse
864 1370 1046 1435 maiestatis
1073 1371 1142 1435 eius

128 1457 405 1542 magnificentiam
428 1458 590 1541 visuntur,
613 1456 845 1523 Alexandriam
868 1459 972 1523 mensi
996 1465 1073 1523 sunt
1097 1481 1144 1524 se·

90 1567 115 1607 ra
130 1546 232 1611 decim
262 1546 393 1630 quidem
423 1546 553 1631 stadiis,
585 1547 720 1630 pedibus
751 1568 826 1612 vero
859 1547 1013 1613 trecentis
1045 1551 1143 1633 atque

130 1636 340 1719 septuaginta
362 1637 514 1720 quinque.

220 1722 279 1788 27.
308 1722 472 1808 Occupato
500 1724 602 1808 igitur
630 1724 719 1788 omni
745 1725 829 1809 solo,
857 1724 943 1809 quod
969 1724 1144 1808 praedictis
1162 1733 1188 1787 24

131 1813 230 1878 alveis
255 1815 351 1896 atque
375 1813 454 1879 vicis
484 1814 561 1877 olim
584 1813 745 1878 consitum
775 1834 851 1877 mox
879 1814 956 1878 urbs
982 1836 1047 1878 una
1070 1835 1144 1879 oon-

130 1902 249 1986 texuit,
281 1902 371 1967 videt
401 1902 544 1966 insulam
579 1902 704 1966 eminus
736 1902 928 1986 perbrevem
963 1925 1028 1967 rex.
1083 1901 1145 1968 Cui

91 2013 117 2052 co
130 2013 248 2057 nomen
272 1989 397 2057 Pharus
421 2012 492 2056 esse
515 2013 588 2056 cum
611 1990 779 2074 diceretur,
803 1991 942 2056 coluisse
966 2013 1042 2056 vero
1063 1991 1146 2057 Pha-

130 2103 202 2145 rum
226 2081 324 2145 istam
347 2079 480 2164 Protea,
508 2080 700 2165 conlapsum
728 2081 827 2144 etiam
855 2080 976 2145 ibidem
999 2085 1146 2146 cerneret

131 2169 267 2234 Proteos
291 2169 513 2253 sepulchrum,
536 2169 569 2233 id
593 2169 722 2253 quidem
745 2169 894 2254 protinus
918 2173 951 2233 et
973 2169 1146 2234 reformari

132 2256 172 2320 ad
187 2257 304 2321 faciem
318 2256 473 2322 novitatis
489 2262 522 2320 et
537 2257 599 2322 coli
613 2257 798 2342 religiosius
816 2257 950 2322 mandat
960 2295 997 2304 -
1009 2259 1145 2345 exinquo

132 2345 246 2408 civitas
269 2344 394 2408 Pharos
419 2350 525 2409 est-
549 2345 681 2430 eiusque
705 2368 775 2411 mos
799 2346 840 2411 ad
862 2368 922 2411 nos
945 2368 1047 2431 usque
1070 2370 1146 2430 pro-

92 2453 118 2492 ra
132 2433 242 2515 lapsus
254 2430 389 2497 Sacrum
402 2432 489 2496 inter
500 2436 630 2498 nostros
640 2433 768 2500 Heroos
781 2435 905 2500 dicitur.
929 2434 1069 2500 Additur
1093 2440 1188 2497 XXXI?

131 2523 241 2585 tamen
265 2521 306 2586 ad
329 2520 473 2586 fabulam
497 2525 637 2587 metatae
655 2524 796 2607 primum
816 2523 1036 2609 discretaeque
1055 2525 1146 2589 urbis
1165 2526 1188 2578 2¹

132 2609 276 2695 huiusce,
300 2610 386 2695 quod
410 2631 482 2675 cnm
500 2611 606 2677 lineae
625 2613 739 2678 ductae
759 2614 800 2677 ab
820 2613 1005 2678 architectis
1027 2612 1145 2696 forent,

133 2697 250 2782 quibus
273 2698 417 2783 spatium
441 2702 474 2763 et
497 2699 669 2785 descriptio
693 2705 833 2766 metatae
856 2703 946 2767 urbis
964 2705 1146 2784 notaretur,

133 2787 279 2853 subiecta
308 2789 352 2853 sit
380 2789 485 2853 lineae
515 2788 622 2854 farina
652 2813 711 2874 pro
741 2791 881 2875 pulvere.
935 2789 996 2856 Sed
1025 2791 1083 2855 ubi
1113 2791 1146 2854 id

93 2895 119 2936 eo
132 2876 253 2941 factum
273 2877 383 2959 fuerit,
405 2899 480 2942 mox
499 2899 677 2964 congreges
698 2879 794 2944 multi
813 2881 939 2944 numeri
963 2883 997 2943 et
1017 2881 1146 2964 generis

227 3087 316 3142 Verba
333 3089 398 3144 inde
416 3105 435 3142 a
454 3086 609 3157 ‘Carthago
628 3089 705 3142 vero’
725 3105 809 3159 usqae
831 3091 869 3144 od
887 3091 967 3157 rtacm
990 3090 1090 3160 capitis
1107 3093 1146 3145 26

134 3158 262 3226 legantur
284 3160 367 3214 etiam
389 3160 422 3213 ia
441 3158 505 3216 (lod.
525 3159 618 3214 Poris.
637 3164 713 3216 8319
734 3161 841 3215 mernbr.
860 3177 929 3216 socc.
950 3161 1011 3229 XI,
1034 3163 1107 3216 uado
1130 3177 1148 3214 a

135 3230 303 3284 Mommeeao
317 3231 392 3284 editu
405 3235 471 3285 suut
484 3230 516 3285 ia
525 3229 664 3285 Abboadl.
679 3232 705 3286 d.
720 3233 806 3288 stete
816 3231 877 3288 Ges.
892 3232 918 3287 d.
930 3232 1012 3287 Wiss.
1024 3231 1082 3286 Vct.
1090 3230 1153 3286 HI

135 3304 230 3369 (1857)
248 3304 389 3372 p.276sq.
463 3305 480 3354 3
499 3301 560 3354 orbi
578 3307 605 3355 Τ.
680 3307 713 3356 12
733 3302 900 3375 abieetiaflia
918 3319 1003 3374 uturp.
1023 3308 1148 3359 correct..-

134 3370 251 3426 adiectie
277 3375 312 3426 A.
394 3377 427 3426 14
452 3370 662 3440 magnificentia
687 3375 743 3429 cod.
774 3374 841 3429 Par.
867 3377 949 3429 8319.
990 3373 1091 3430 visitur
1116 3376 1149 3428 in

133 3456 326 3566 ηισκνρῄοννέό·
341 3442 470 3578 νέειιηὺιιτ
478 3445 523 3568 ᾗ.
551 3441 654 3498 visitur
672 3445 729 3501 rod.
749 3445 815 3500 Par.
835 3447 916 3501 8319.

252 3545 263 3566 e
344 3528 457 3569 ’0ΓοοΠ
514 3531 537 3570 Γ,
