2414 3826
91 135 143 189 XX
490 132 705 188 PRAEFATIO.

91 299 146 364 fol.
169 295 267 362 XLIl.
304 297 356 361 vel
380 296 480 361 choru
849 297 892 360 tri
917 296 1021 360 solum
1046 316 1106 361 son

305 386 394 450 tibus
417 385 483 449 iam
507 384 609 449 libera
804 389 857 448 tur
879 383 1032 448 blandius
1056 384 1108 467 spi

281 474 454 538 'rantibus
477 494 518 537 ne
744 496 797 536 um
822 495 878 537 seu
902 472 952 537 vis
977 473 1044 536 ulla
1067 473 1108 536 de

306 584 438 626 monum
462 562 547 625 exim
802 583 876 626 roso
900 561 1032 625 numine
1057 564 1108 626 est

305 672 444 735 namque
855 649 1001 714 lantibus
1025 649 1108 714 tcllu

306 741 351 803 ris
375 739 472 802 huius
827 759 897 802 cere
920 739 1108 822 famemque

306 849 401 892 nosse
905 831 959 891 etu
983 831 1107 891 tractus

307 918 401 981 lunar
851 915 939 979 enim
961 915 1110 980 facessen

906 1006 915 1041 l

307 1059 388 1123 tista
456 1057 524 1122 chis
549 1057 693 1121 omnium
832 1077 988 1142 porroges
1012 1057 1109 1121 multi

308 1169 463 1231 genarum
478 1147 624 1230 gentium
639 1145 726 1210 hono
787 1145 895 1209 divum
912 1167 1039 1209 summo
1055 1146 1108 1211 cul

308 1241 344 1300 tu
368 1234 553 1298 exambient
576 1234 673 1298 astris
697 1256 731 1297 re
896 1239 966 1298 tum
990 1235 1109 1298 coalitu

309 1344 390 1407 quae
415 1342 608 1407 congregem
633 1344 768 1406 quorum
879 1327 996 1406 quente
1020 1323 1110 1388 cultu

310 1412 355 1476 sis
379 1411 507 1475 beatior
529 1415 604 1475 tuos
629 1433 689 1494 que
711 1433 751 1494 pr
894 1419 942 1474 tes
966 1409 1110 1475 Numine

309 1499 543 1584 augustissimo
566 1499 647 1564 haec
760 1521 802 1583 qu
895 1500 987 1564 sedes
1012 1521 1109 1583 corpo

308 1588 353 1652 ris
378 1592 428 1652 est
450 1588 575 1652 caelum
598 1591 655 1652 tuo
678 1609 723 1652 nu
910 1588 982 1672 quis
1007 1589 1110 1653 simeu

309 1681 342 1740 te
366 1677 477 1740 bibula
498 1677 627 1760 percipe
650 1699 727 1741 nom
884 1680 1034 1741 nostrum
1058 1676 1110 1741 his

310 1787 346 1829 ce
369 1765 512 1829 numeris
536 1764 654 1849 collige
811 1787 830 1829 a
853 1765 992 1849 primum
1017 1766 1068 1829 bis
1093 1787 1110 1829 c

310 1857 421 1918 tenato
444 1853 555 1917 littera
578 1874 678 1917 unum
855 1875 933 1918 num

310 1942 355 2007 Et
378 1945 506 2007 eentum
530 1941 645 2005 dehinc
668 1963 832 2026 unumque
1033 1946 1112 2006 tunc

311 2034 426 2116 quater
480 2031 597 2116 viginti
653 2030 720 2094 sint
773 2030 944 2115 decemque
994 2030 1111 2094 iuxtim

312 2115 455 2206 (ξζζξξζὲξ)
480 2140 617 2204 eaquae
637 2119 680 2183 sit
698 2119 876 2183 novissima
896 2140 977 2202 quae
997 2119 1113 2201 prima.

190 2329 252 2394 Vel
274 2351 313 2394 ex
331 2330 394 2394 hoc
414 2330 588 2413 specimine
607 2351 803 2417 cognoscere
823 2331 900 2396 licet
917 2331 1036 2394 librum
1058 2352 1115 2394 ne-

101 2422 271 2505 glegenter
295 2418 453 2500 scriptum
477 2419 651 2503 multisque
675 2418 800 2484 mendis
819 2420 919 2484 verba
943 2419 1113 2502 scriptoris

100 2530 120 2572 a
142 2507 275 2572 librario
294 2507 425 2571 foedata
449 2528 528 2574 esse.
569 2506 666 2573 Modo
687 2509 834 2592 singulae
853 2509 991 2590 litterae,
1014 2508 1112 2573 modo

99 2600 171 2661 tota
192 2597 292 2660 verba
315 2596 435 2660 omissa
464 2599 540 2660 sunt
568 2596 706 2681 aliisque
735 2597 897 2662 erroribus
925 2600 1032 2661 textus
1059 2597 1114 2660 ‹le-

100 2688 253 2770 pravatus
288 2688 347 2749 est.
402 2682 463 2748 Sed
496 2684 676 2768 ubicunque
712 2686 746 2749 in
780 2685 888 2750 codice
921 2684 1114 2749 Taurinensi

99 2774 181 2838 vitia
204 2774 422 2857 reperiuntur,
447 2795 485 2837 ea
508 2795 634 2858 semper
657 2775 866 2858 neglegentia
888 2773 1017 2838 librarii
1041 2779 1113 2838 orta

101 2867 193 2945 sunt,
224 2884 400 2946 numquam
430 2862 537 2927 studio
569 2864 652 2945 eius,
682 2863 737 2946 qui
768 2884 840 2926 cum
871 2863 906 2926 in
938 2862 1113 2947 archetypo

100 2951 220 3016 falsam
239 2950 412 3015 lectionem
431 2951 622 3035 cognovisse
645 2950 709 3015 sibi
727 2951 816 3016 visus
840 2957 936 3032 esset,
960 2973 1029 3014 eam
1055 2972 1113 3015 suo

101 3040 233 3125 ingenio
252 3040 354 3103 fretus
378 3039 547 3103 emendare
571 3042 752 3104 conaretur.
793 3038 930 3103 Frustra
953 3039 1055 3122 igitur
1078 3039 1113 3102 in

100 3128 162 3192 hoc
195 3128 302 3193 codice
334 3127 602 3211 interpolationes
636 3127 841 3210 quaesiveris.
894 3126 1007 3210 Neque
1039 3149 1112 3191 raro

103 3217 219 3281 menda
243 3220 387 3281 correcta
406 3220 495 3297 sunt3
520 3216 605 3299 quod
624 3222 732 3278 utrum
758 3216 798 3279 ab
822 3217 893 3298 ipso
913 3215 1046 3280 librario
1071 3237 1113 3278 an

103 3306 143 3368 ab
159 3305 223 3368 alio
238 3304 377 3388 quodam
390 3341 427 3349 -
440 3304 537 3388 paulo
552 3307 725 3387 postquam
740 3304 822 3367 liber
839 3307 991 3369 exaratus
1009 3306 1060 3368 est
1073 3340 1112 3349 —

102 3393 224 3457 tactum
253 3393 309 3473 sit,
336 3392 491 3476 indagare
519 3414 585 3457 non
611 3391 713 3476 potui.
758 3391 829 3456 Hoc
858 3395 999 3474 constat,
1029 3393 1114 3476 quis-

100 3482 174 3560 quis
195 3480 263 3544 fuit
282 3481 341 3544 illc
364 3483 539 3567 corrector,
567 3502 641 3547 cum
665 3501 732 3546 non
755 3502 812 3547 suo
837 3480 956 3564 Marte,
980 3481 1036 3546 sed
1061 3502 1113 3546 cx-
