2414 3826
118 177 160 243 78
418 137 419 140 Ὺ
542 174 650 229 urana
667 176 701 229 11.

117 342 189 408 sitis
208 361 295 422 vero,
318 361 359 403 ne
384 339 460 423 quid
483 337 658 402 infaustius
683 336 796 417 dicam,
820 358 945 420 semper
970 340 1004 404 in
1028 336 1128 400 armis

117 435 150 495 et
171 426 338 512 proeliis‘l'
380 426 419 491 In
442 427 526 492 hane
550 425 744 490 sententiam
767 425 998 491 Demosthenis
1023 425 1128 491 omnis
1148 429 1181 484 V.

117 517 363 582 Atheniensium
388 538 541 580 numerus
566 515 773 600 congruebat.
814 514 968 580 Decernit
991 516 1128 598 denique
1147 505 1194 555 20.

117 627 270 672 coronam
306 626 436 670 auream
468 603 654 668 Alexandro
690 625 760 667 esse
792 603 984 669 mittendam
1018 603 1128 688 pondo

90 694 355 779 squinquaginta
373 693 619 775 consultumque
641 691 762 756 ordinis
782 693 841 775 sui,
864 715 927 777 quo
947 694 1127 778 gratiarum

118 784 202 848 aetio
226 786 406 867 teneretur,
434 803 499 845 una
521 780 653 867 legatis,
677 779 732 864 qui
754 779 998 846 honoratissimi
1020 781 1128 846 forent

117 873 184 936 eius
208 871 312 954 urbis,
341 871 513 935 dummodo
541 870 581 934 ab
605 868 664 933 illa
692 872 858 934 oratorum
881 870 1128 934 transmissione

116 962 360 1044 temperaretur.
405 959 555 1024 Profecta
583 978 659 1042 ergo
687 959 808 1042 legatio
838 981 911 1023 cum
942 959 1028 1041 apud
1057 957 1128 1021 Pla-

116 1052 208 1114 taeas
245 1069 356 1133 regem
386 1047 608 1112 Alexandrum
644 1047 830 1112 offendisset
867 1047 1129 1131 insinuassetque

78 1157 103 1197 ιο
117 1137 272 1202 mandata
300 1142 332 1201 et
358 1135 589 1201 Demosthenis
618 1157 682 1200 una
710 1137 895 1200 suasionem
924 1157 1128 1201 consensum-

118 1248 179 1310 que
198 1225 475 1308 Amphictyonum
498 1223 731 1308 universorum,
754 1224 794 1289 ad
818 1224 975 1290 eiusmodi
995 1246 1126 1308 respon·

117 1337 188 1379 sum
211 1314 297 1398 regis
322 1311 540 1377 benivolentia
563 1313 711 1395 protinus
734 1314 942 1378 transfertur:

208 1399 265 1467 16.
303 1400 501 1466 ‘Scriberem
524 1400 630 1483 vobis,
657 1400 886 1487 Athenienses,
913 1405 951 1467 ut
973 1422 1042 1484 rex,
1071 1400 1127 1464 sed
1146 1405 1193 1455 21.

116 1490 157 1554 ab
176 1490 236 1555 hae
255 1511 307 1554 me
328 1489 545 1573 appellatione
565 1489 754 1573 distulerim,
775 1490 926 1556 donicum
946 1489 1035 1555 omni
1055 1491 1127 1554 bar·

76 1578 208 1643 robaria
227 1578 403 1664 subiugata
423 1577 566 1643 adfectus
585 1577 638 1643 hic
656 1600 746 1643 meus
765 1581 890 1646 nomini
910 1580 1034 1645 Graeco
1054 1600 1126 1662 pro-

115 1667 211 1731 ficiat.
264 1666 361 1730 Enim
393 1668 546 1750 quoniam
575 1666 765 1750 iampridem
796 1670 989 1753 scripseram
1017 1667 1127 1731 decem

116 1759 262 1821 oratores
285 1759 411 1821 vestros
441 1755 481 1818 ad
509 1777 560 1819 me
584 1755 752 1841 destinari,
780 1757 866 1841 quod
893 1779 1004 1822 eorum
1032 1756 1128 1838 culpa

115 1845 381 1930 inobsequentiae
404 1844 632 1929 argueremini,
657 1847 738 1910 scire
761 1868 819 1911 vos
842 1868 901 1930 par
926 1850 1064 1911 estnon
1088 1866 1127 1908 eo

116 1955 167 1998 me
184 1935 273 1999 istud
293 1934 429 2000 oonsilio
448 1933 570 2018 fecisse,
596 1955 659 2017 quo
679 1936 859 2017 potentiam
878 1957 984 2000 meam
1007 1935 1043 1999 in
1063 1955 1127 2017 eos,

75 2042 102 2082 ae
117 2044 254 2106 quorum
268 2022 448 2106 disciplinis
462 2022 633 2087 institutus
653 2044 765 2105 essem,
784 2024 902 2107 aliquis
919 2025 1128 2107 experiretur.

115 2111 246 2176 lltenim
274 2112 302 2176 si
329 2112 363 2176 id
390 2111 478 2176 facto
503 2133 583 2194 opus
612 2115 712 2197 esset,
741 2113 852 2196 utique
880 2134 945 2177 una
973 2133 1047 2177 cum
1076 2132 1127 2173 ex-

115 2200 217 2264 ereitu
244 2201 425 2282 martioque
453 2204 576 2264 terrore
605 2200 645 2264 ad
669 2203 777 2266 vestra
805 2201 934 2265 moenia
961 2203 1127 2265 transcen-

115 2286 242 2351 dissem.
284 2284 346 2350 Sed
366 2289 520 2371 quoniam
542 2288 623 2352 haec
648 2290 823 2354 ostentatio
847 2290 977 2354 inimica
999 2290 1050 2354 vel
1068 2288 1126 2350 ho-

116 2374 197 2436 stica
230 2377 293 2457 est,
325 2374 443 2438 ideirco
476 2375 746 2459 prudentissimos
778 2382 923 2443 vestrum
956 2376 1126 2443 convenire

74 2479 100 2521 re
115 2462 285 2545 conloquio
310 2483 381 2526 meo
405 2463 518 2542 malui,
543 2468 580 2527 ut
603 2485 675 2529 eum
698 2467 749 2530 his
769 2467 948 2532 communis
967 2466 1128 2531 commodi

115 2550 311 2633 disceptator
344 2551 486 2615 subsicui
518 2555 624 2617 metus
657 2575 714 2619 vos
749 2555 923 2620 formidine
959 2556 1126 2620 solverem.

114 2638 288 2704 Enimvero
308 2661 375 2724 uos,
400 2640 455 2724 qui
474 2642 671 2706 conscientia
692 2644 928 2726 premeremini,
951 2644 1034 2708 nihil
1059 2665 1125 2707 om·
1146 2648 1195 2699 22.

113 2728 191 2792 nino
221 2731 367 2794 sanetum
395 2751 472 2814 erga
499 2751 571 2795 mea
600 2732 754 2815 obsequia
782 2733 1019 2817 consultantes,
1048 2731 1126 2816 quin

116 2817 215 2881 etiam
243 2818 446 2901 explorantes
474 2818 626 2884 idoneum
649 2823 791 2905 tempus,
820 2844 881 2905 quo
906 2842 995 2886 meos
1023 2820 1127 2885 Mace-

205 2979 218 3025 1
239 2975 343 3041 nequid
352 2975 387 3030 A.
396 2975 429 3030 P.
448 2975 521 3029 nihil
529 2983 556 3030 Τ.
603 2983 618 3030 2
639 2977 851 3032 Demostenisr.
872 2976 1124 3032 DemosteniA.P.

115 3044 269 3113 3denique
289 3047 357 3101 M.
384 3045 481 3112 itaque
502 3048 535 3100 P.
592 3053 681 3115 aquo
700 3049 777 3104 A.P.
802 3065 912 3118 quoquo
932 3055 959 3103 Τ.
1015 3049 1126 3103 tactio

113 3116 255 3170 teneretur
273 3123 299 3169 Τ.
329 3116 439 3171 actione
458 3115 600 3172 videretur
618 3119 652 3173 A.
661 3119 695 3176 P.
737 3121 978 3189 8temperaretur
996 3125 1022 3172 Τ.
1052 3121 1125 3173 tem-

112 3187 286 3255 perarantA.
296 3186 329 3240 P.
374 3193 406 3242 10
426 3187 583 3243 suasionem
591 3195 618 3243 Τ.
638 3188 847 3246 suasioneA.P.
891 3196 922 3244 11
943 3190 1125 3259 Amphictyo·

113 3257 258 3313 numMue'.
277 3274 310 3313 ae
324 3257 477 3314 factionum
484 3260 519 3315 A.
539 3277 574 3314 an
589 3260 741 3315 factionum
750 3262 783 3315 P.
822 3259 1124 3316 12benivolentiam1'.

111 3329 256 3383 transferri
270 3330 305 3387 A.
329 3331 463 3386 transfert
476 3331 508 3386 P.
533 3332 767 3400 transferetur)
787 3348 856 3388 corr.
871 3334 943 3387 Mai.

201 3399 249 3456 16.
270 3406 304 3454 14
322 3419 366 3456 me
381 3402 448 3456 M.
474 3402 529 3456 mei
546 3403 580 3457 P.
604 3405 691 3458 donee
704 3404 778 3458 A.P.
832 3409 863 3457 15
883 3402 999 3458 affectus
1014 3402 1124 3470 r.(?)P.

106 3469 195 3546 &aad
209 3473 279 3525 coni.
300 3473 370 3527 Mai
386 3475 419 3526 e'a
437 3474 477 3528 ed.
497 3473 556 3543 ult.)
574 3473 689 3529 effeetus
707 3475 743 3532 A.
794 3479 827 3528 21
848 3474 922 3529 enim
940 3482 967 3528 Τ.
1015 3479 1049 3528 26
1068 3472 1124 3528 for-

87 3535 229 3590 nrrdrnern
249 3541 285 3595 A.
363 3549 401 3599 27
421 3543 628 3603 conscientiam
648 3548 684 3602 A.
756 3550 793 3602 *λδ
810 3551 871 3602 s‘e'm
880 3546 954 3601 Μ’.
979 3550 1040 3598 sem
1053 3545 1087 3597 A.
