2414 3826
186 39 223 85 0

136 176 180 241 60
565 171 675 227 neena
693 172 714 226 1.

136 337 223 402 fame
256 336 409 401 obsessus
441 335 490 400 ia
521 334 747 419 praesentibus
779 335 934 418 consulit,
968 335 1017 400 uti
1050 336 1150 418 equos

136 425 277 489 militum
302 423 443 489 interfici
470 423 596 488 iuberet
624 425 733 507 eisque
757 422 879 487 milites
902 425 997 488 vesei.
1039 423 1152 488 Enim·

136 535 212 578 vero
232 534 430 597 quamquam
452 511 486 575 id
509 512 682 576 eonsilium
699 511 801 576 ferme
826 533 865 576 ex
888 513 1081 578 necessitate
1105 535 1152 578 se-

136 605 319 685 querentur,
341 601 501 665 tumultus
520 604 631 665 tamen
654 603 687 664 et
708 600 891 684 indignatio
911 601 1056 666 omnium
1076 623 1152 666 con-

103 712 116 752 1
138 691 285 776 gruebat,
309 690 410 755 veluti
434 689 540 753 studio
561 689 694 771 factum,
716 693 753 753 ut
775 690 969 754 necessitate
988 691 1153 774 praesenti

137 800 211 862 epes
236 779 299 842 sibi
319 778 429 842 futura
446 777 620 842 laberetur.
657 775 762 853 Quare
782 799 855 842 cum
875 779 979 842 omnis
999 778 1152 842 militaris

138 866 344 931 observantia
378 867 557 930 solveretur
595 887 699 950 neque
736 865 776 929 ad
810 867 991 931 custodiam
1021 866 1153 930 solitam

137 954 271 1039 vigiliae
302 958 473 1038 ceteraque
501 954 613 1019 munia
641 958 863 1038 servarentur,
892 976 949 1018 rex
979 958 1086 1018 motus
1119 956 1152 1018 in

137 1044 218 1108 haee
241 1043 341 1108 verba
369 1043 589 1108 contionatur:
617 1040 745 1126 ‘Neque
772 1064 824 1107 me
851 1042 950 1127 fugit,
977 1042 1149 1108 fortissimi
1168 1046 1199 1099 δὲ

98 1155 124 1195 ro
138 1131 278 1213 milites,
312 1153 381 1196 rem
413 1131 549 1195 militiae
580 1130 850 1214 necessitatisque
880 1132 1016 1196 bellicae
1046 1132 1152 1216 prima

139 1220 285 1286 subsidia
317 1241 416 1303 equos
452 1218 567 1283 haberi
603 1222 769 1302 oportere,
803 1241 884 1303 quos
919 1240 980 1304 ego
1012 1220 1153 1284 interfici

138 1309 289 1374 iusserim
313 1313 346 1372 et
370 1307 408 1371 de
431 1329 493 1372 usu
516 1307 574 1371 illo
599 1308 640 1371 ad
664 1306 852 1372 alimoniam
875 1308 1062 1392 victumque
1081 1331 1154 1392 pro-

138 1397 243 1460 ficere.
281 1395 343 1461 Sed
367 1418 439 1461 oum
462 1397 497 1459 in
521 1417 611 1459 care
631 1395 767 1460 duorum
785 1395 954 1461 nominum
973 1397 1154 1480 periculum

139 1489 338 1569 versaretur,
369 1488 406 1548 ut
436 1487 495 1548 aut
525 1485 615 1568 equis
653 1484 724 1548 aliti
754 1483 935 1549 viveremus
973 1488 1029 1550 aut
1064 1485 1154 1549 hisee

100 1574 278 1638 reservatis
302 1574 354 1638 vel
376 1573 500 1656 priores
524 1573 577 1637 vel
599 1573 721 1656 pariter
744 1577 984 1656 oppeteremus,
1007 1578 1153 1638 secutum

139 1684 190 1726 me
213 1661 321 1726 fateor
344 1661 529 1744 consilium,
553 1660 638 1745 quod
661 1683 721 1744 pro
746 1660 903 1726 deteriore
927 1662 1043 1726 melius
1067 1662 1153 1727 vide-

139 1752 244 1816 batur.
297 1750 424 1833 Quippe
458 1771 550 1834 spem
584 1750 678 1814 foveo
718 1749 779 1813 diis
817 1753 933 1834 coepta
967 1751 1153 1815 iuvantibus

139 1839 225 1920 fore,
251 1838 300 1902 uti
329 1860 402 1903 oum
425 1838 566 1921 primum
589 1840 718 1922 gentem
742 1838 885 1921 aliquam
915 1843 948 1904 et
974 1838 1154 1904 subsidium

139 1927 271 1992 uberius
295 1927 385 1991 nacti
408 1926 575 2010 fuerimus,
599 1948 699 2010 equos
723 1948 851 2011 quoque
874 1927 960 1992 haud
984 1927 1153 1992 deterioris

101 2037 126 2076 10
140 2037 218 2080 usus
242 2037 358 2099 parare
387 2015 430 2079 sit
451 2015 546 2080 nobis
569 2015 718 2080 facultas.
764 2013 889 2099 Quippe
917 2017 1040 2099 sivos,
1068 2016 1154 2100 quod

140 2125 251 2169 omnes
283 2103 390 2188 superi
420 2103 633 2187 difflaverint,
662 2103 848 2168 detestabili
875 2104 933 2168 illa
959 2105 1154 2169 necessitate

141 2214 178 2257 ac
196 2193 282 2255 fame
301 2192 425 2255 animas
444 2193 617 2275 poneretis,
636 2192 755 2256 milites
775 2191 905 2276 quidem
923 2192 1061 2257 forsitan
1080 2213 1154 2277 pos·

141 2301 224 2361 sem,
263 2279 319 2343 sed
353 2278 548 2344 Macedonas
586 2280 706 2344 milites
743 2279 877 2344 ubinam
913 2279 1154 2365 repperissem?

140 2366 246 2442 Quare
275 2366 399 2430 animos
426 2366 602 2433 reformate
630 2367 665 2430 in
694 2368 808 2431 melius
834 2369 992 2453 vobisque
1021 2368 1154 2433 suadete

101 2475 126 2516 ae
140 2454 267 2519 nullum
294 2475 364 2518 esse
388 2456 532 2518 vestrum
561 2454 641 2519 adeo
671 2455 722 2519 sui
750 2460 915 2521 amantem
942 2463 1041 2541 atque
1065 2457 1153 2522 solli-

140 2543 250 2627 citum,
274 2564 370 2626 quem
393 2563 460 2607 non
481 2564 540 2627 pro
564 2565 599 2607 se
622 2565 695 2607 mea
718 2565 793 2608 eura
811 2544 1016 2627 praevertat?
1053 2545 1154 2610 Hisce

140 2632 234 2696 dictis
259 2631 363 2696 sedati
386 2634 478 2696 erant
501 2631 602 2696 animi
621 2632 762 2697 militum
780 2635 1005 2718 revocatisque
1028 2635 1152 2699 viribus

140 2720 181 2784 ad
206 2720 313 2786 officia
336 2721 515 2785 castrensia
539 2743 607 2785 sese
631 2725 868 2788 converterant.
1132 2746 1199 2800 xpp

230 2808 289 2875 50.
327 2808 432 2886 Quare
455 2809 611 2892 perculsis
635 2809 785 2893 plurimis
809 2810 996 2876 civitatibus
1015 2810 1079 2875 iter
1097 2812 1132 2874 in
1159 2820 1199 2871 63.

231 2970 245 3018 1
261 2966 427 3021 obsessnsP.
448 2965 607 3021 obsessosffl.
628 2963 789 3021 obsessisA.
826 2971 842 3019 2
857 2964 999 3021 iuberetn.
1008 2966 1041 3020 P.
1056 2965 1154 3020 iubeat

141 3052 209 3091 corr.
222 3035 384 3091 rainbetA.
422 3043 437 3090 3
453 3052 625 3104 quamquam
635 3036 671 3089 ad
681 3035 828 3091 consilinm
837 3037 871 3093 P.
890 3035 1011 3092 fermer.
1026 3038 1152 3092 om.A.P.

141 3108 316 3161 toumT.P.
335 3108 437 3162 om.A.
474 3114 554 3162 9me
569 3113 651 3161 om.'r.
690 3112 722 3161 12
741 3106 867 3161 iusserim
882 3109 951 3163 ne.
971 3107 1105 3163 iusseram
1120 3109 1153 3161 P.

141 3177 176 3231 de
194 3195 247 3231 usu
265 3177 380 3232 illorum
397 3176 455 3232 Mr.
488 3177 668 3246 vinctumque
688 3178 720 3233 P.
769 3182 800 3231 17
820 3177 983 3232 iubentibus
1001 3185 1028 3232 Τ.
1075 3185 1110 3233 20
1130 3180 1154 3231 si

140 3254 223 3302 νοεῖ.
243 3264 312 3303 corr.
331 3266 364 3303 ex
383 3248 491 3303 sivisA.
512 3247 617 3302 eivisP.
663 3253 696 3301 22
717 3264 750 3301 ao
768 3249 876 3304 famer.
895 3248 1008 3303 fameP.
1027 3249 1153 3304 famisA.

140 3324 175 3372 24
189 3318 324 3386 vobisque
334 3320 369 3374 A.
389 3319 469 3374 vobis
481 3320 515 3372 P.
553 3325 587 3373 26
601 3335 684 3388 prose
698 3335 762 3374 mea
776 3336 843 3374 eura
856 3322 1016 3389 praevertet
1031 3322 1085 3389 (tat
1092 3322 1116 3388 t)
1126 3327 1152 3375 Τ.

139 3405 287 3458 praesumo
306 3407 370 3445 mea
389 3406 455 3444 eura
472 3393 632 3470 praevertet
648 3390 682 3446 P.
736 3406 787 3459 pro
809 3395 889 3444 suffia
907 3406 974 3446 cura
991 3391 1155 3459 praevertat

141 3463 198 3524 (ma
216 3462 247 3514 in
266 3461 362 3528 litura)
382 3459 418 3514 A.
446 3459 497 3513 His
514 3461 547 3515 P.
620 3465 654 3514 28
673 3461 809 3515 castresia
824 3461 857 3514 P.

217 3528 266 3583 ὅθ.
296 3535 333 3584 29
344 3530 523 3600 percolsisl'.
542 3529 686 3603 percussis
696 3532 729 3587 P.
745 3531 881 3601 persisA.
898 3530 1061 3585 civitatibus
1070 3539 1155 3585 crau.
