2414 3826
413 183 528 240 nonus
548 184 771 239 anaxanoar.
798 168 803 179 “
1045 185 1086 248 73

74 349 149 414 viri!
178 348 285 431 placet
312 347 397 411 enim
424 347 460 410 in
482 348 647 431 praesenti
670 369 728 411 vos
756 347 817 412 hac
845 348 1007 412 communi
1029 368 1086 411 no-

76 441 182 504 strum
206 435 421 519 appellatione
444 437 626 521 nominare,
652 440 690 500 ut
717 435 841 500 scilicet
869 436 928 500 sub
956 436 1086 500 nomine

77 525 222 590 adfectus
250 523 434 588 huiusmodi
463 524 604 608 intelligi
631 524 814 608 promptius
843 524 900 609 sit,
931 523 1086 607 quidquid

76 614 219 679 omnium
249 612 371 696 dixero,
399 612 432 676 id
463 633 528 677 non
563 634 635 676 meo
668 634 763 698 mage
794 635 890 697 quam
923 613 1087 677 communi

77 702 202 767 scilicet
228 703 370 767 vestrum
398 701 566 766 commodo
594 701 807 784 profuturum.
854 701 973 784 Agitur
1001 702 1115 765 enims

74 791 155 857 baec
182 788 281 873 curia,
312 792 349 853 ut
373 789 480 873 video,
511 811 608 873 super
631 792 787 871 tractatu,
815 792 965 854 utrumne
993 790 1086 854 vobis

75 901 166 946 arma
197 878 366 942 adversum
394 877 612 942 Alexandrum
643 877 709 941 sint
739 878 908 959 sumenda,
938 900 980 942 an
1009 900 1085 943 vero

74 967 170 1033 nobis
194 967 262 1030 eius
291 965 534 1031 condicionibus
563 966 813 1049 obsequendum.
857 964 897 1028 In
925 987 987 1048 quo
1017 967 1084 1049 qui-
1115 971 1124 990 ⁹

75 1057 149 1120 dem
172 1053 321 1120 accedere
344 1076 395 1118 me
414 1055 608 1140 laudareque
627 1053 781 1118 Aeschini
801 1055 996 1118 sententiam
1019 1075 1086 1117 non

75 1145 218 1230 segniter
236 1143 422 1226 profitebor.
457 1141 545 1208 Usus
569 1146 619 1207 est
642 1143 728 1206 enim
747 1142 894 1208 oratione
913 1141 1084 1206 admodum
1099 1163 1126 1201 ιο

75 1233 223 1297 modesta
242 1235 274 1295 et
292 1232 599 1316 temperantissima,
618 1253 656 1295 ex
675 1253 737 1315 qua
751 1230 877 1296 videtur
895 1252 999 1314 neque
1013 1230 1087 1295 viri-

74 1322 136 1386 bus
158 1320 280 1385 nostris
309 1319 466 1403 diffidere,
493 1321 521 1385 si
548 1319 734 1385 bellandum
757 1319 856 1404 foret,
885 1341 989 1403 neque
1013 1341 1086 1384 con·

75 1410 286 1492 templatione
309 1407 461 1473 harumce
487 1409 671 1493 praesentia
699 1408 868 1474 commoda
895 1407 1086 1492 neglexisse.

167 1495 223 1564 10.
252 1495 426 1561 Enimvero
446 1498 599 1580 quoniam
617 1497 698 1562 haec
716 1498 773 1561 illo
793 1497 917 1563 dicente
938 1520 956 1562 a
974 1498 1085 1562 multis
1103 1506 1147 1556 14.

75 1587 172 1651 audio
203 1586 249 1650 sic
280 1589 412 1670 accepta
446 1589 484 1650 ut
515 1587 622 1670 segnis
655 1586 821 1650 cuiusdam
856 1590 889 1650 ct
919 1586 1017 1650 alieni
1046 1586 1085 1650 de
1099 1604 1126 1644 15

74 1675 161 1739 bello
194 1675 403 1758 sententiam,
440 1674 571 1738 interim
607 1696 693 1739 nunc
726 1675 766 1738 ad
799 1676 979 1740 orationem
1013 1696 1085 1739 eam

74 1768 253 1845 transeam,
281 1784 346 1845 qua
367 1760 528 1827 Demades
557 1785 649 1847 usus,
676 1762 830 1828 robustus
853 1785 931 1827 sane
959 1763 1014 1827 ille
1037 1763 1087 1827 vir

76 1872 115 1916 ac
145 1850 388 1935 disertissimus,
418 1851 465 1916 ita
494 1852 529 1914 in
559 1850 722 1916 suadendo
752 1853 930 1934 peroravit,
960 1855 997 1915 ut
1026 1872 1086 1915 nos

75 1942 207 2025 putaret
239 1940 394 2023 exemplis
428 1939 506 2004 olim
538 1939 682 2004 felicium
712 1938 890 2024 gloriarum
924 1938 964 2002 ad
994 1959 1086 2021 prae·

75 2029 180 2093 sentia
210 2049 338 2113 quoque
368 2027 513 2112 pericula
541 2026 775 2112 producendos.
820 2026 878 2089 Ait
908 2026 995 2089 enim
1025 2047 1085 2090 nos
1100 2044 1128 2083 20

74 2115 213 2181 Xerxem
242 2116 362 2180 finibus
393 2116 541 2199 eiecisse,
572 2113 754 2199 Cynaegiro
788 2114 911 2179 scilicet
943 2113 1021 2178 duce
1053 2118 1087 2178 et

74 2205 173 2290 hisce,
198 2205 254 2287 qui
273 2227 337 2269 una
357 2226 429 2269 cum
448 2204 520 2287 ipso
539 2203 735 2269 militabant.
771 2202 823 2267 Ad
843 2224 941 2287 quam
959 2205 1087 2287 partem

76 2293 233 2359 orationis
263 2315 397 2379 quaeso,
427 2291 584 2377 Demade,
614 2296 652 2356 ut
684 2292 850 2376 paulisper
885 2313 937 2377 ea,
970 2291 1087 2376 quibus

75 2402 273 2467 magnopere
297 2382 496 2461 confidebas,
523 2403 647 2447 mecum
671 2380 818 2446 conferre
842 2384 1024 2447 tractareva
1046 2403 1087 2446 ne

76 2471 214 2536 dubites.
256 2469 341 2546 Quid
365 2472 450 2535 enim
473 2470 606 2536 tandem
629 2470 710 2534 mihi
734 2470 864 2555 diceres,
888 2472 915 2534 si
939 2493 958 2535 a
981 2479 1013 2534 te
1037 2492 1088 2534 ex·
1101 2486 1130 2528 25

76 2563 185 2625 actum
208 2559 250 2622 iri
272 2558 406 2643 vellem,
433 2558 482 2624 uti
509 2560 593 2624 tales
622 2560 749 2643 aliquos
777 2579 862 2624 nunc
885 2557 966 2622 mihi
989 2558 1087 2623 ctiam

76 2647 171 2713 duces
195 2669 361 2731 promeres
390 2669 427 2712 ac
455 2651 525 2712 tum
553 2648 682 2712 demum
711 2647 746 2710 in
768 2645 989 2710 Alexandrum
1011 2647 1086 2711 bor·

75 2735 210 2800 tancre?
270 2735 363 2812 Quod
404 2736 431 2801 si
468 2736 518 2799 illi
554 2758 621 2801 non
659 2736 779 2801 adsunt
815 2735 898 2798 tales
935 2737 991 2797 aut
1027 2737 1087 2814 tot,

76 2824 188 2909 utique
209 2823 312 2889 'nobis
340 2844 467 2908 quoquo
495 2828 572 2889 sunt
601 2823 738 2889 consilia
766 2821 898 2886 tutioris
927 2822 1088 2887 commodi

75 2911 252 2978 volutanda
278 2912 609 2996 considerandumque
635 2932 712 2996 prae
737 2909 901 2993 omnibus,
931 2931 972 2974 an
995 2930 1086 2992 prae·
1101 2927 1130 2967 eo

166 3049 340 3106 anominari
360 3050 394 3105 P.
463 3051 568 3104 ohaec
586 3050 661 3104 A.P.
685 3049 737 3103 bac
758 3048 880 3118 Machly.
912 3048 1038 3102 tractatu
1056 3047 1088 3102 P.

75 3123 170 3177 bactu
188 3121 224 3176 A.
250 3128 301 3245 P?
321 3120 378 3176 sint
396 3137 445 3178 om.
464 3121 499 3177 A
563 3127 596 3175 11
616 3119 744 3176 modesta
763 3123 792 3174 et
809 3118 845 3175 A.
878 3119 1036 3174 modestatc
1054 3118 1089 3173 P.

78 3197 111 3247 13
130 3193 231 3246 harum
278 3235 284 3248 .

167 3263 215 3319 1⁰.
250 3266 282 3316 15
301 3264 461 3332 acceptari.
495 3261 553 3316 acci
574 3262 627 3316 iP.
666 3261 758 3332 segnis
768 3260 804 3315 A.
834 3259 907 3316 senis
919 3260 952 3314 P.
997 3258 1091 3315 reita

76 3334 106 3389 in
124 3336 161 3391 A.
193 3332 302 3389 itahinc
321 3334 356 3388 P.
429 3338 463 3388 22
481 3349 538 3388 una
555 3281 604 3387 bis
627 3333 676 3400 qni
699 3349 762 3386 cnm
784 3330 845 3400 ipso
864 3331 897 3386 P.
970 3335 1006 3384 24
1025 3345 1090 3385 con·

76 3404 184 3460 fidebas
211 3405 245 3459 P.
279 3404 445 3459 consulebas
468 3405 503 3459 A
595 3409 629 3458 26
650 3404 672 3457 si
697 3402 846 3458 sicarum
869 3419 887 3456 a
909 3403 938 3456 tc
962 3401 1090 3456 exactum

72 3475 152 3598 pplle
172 3476 206 3529 P.
225 3481 284 3600 Α22
304 3474 463 3530 Alexandro
482 3475 516 3532 P.
558 3479 593 3531 28
611 3475 686 3531 tales
706 3473 741 3530 A.
767 3474 822 3530 aut
835 3473 913 3528 tales
928 3472 969 3525 1³.
1006 3477 1049 3522 ‘sn
1064 3485 1113 3520 aa

107 3548 144 3600 αι’,
179 3548 211 3599 ut
257 3587 263 3597 .
294 3545 325 3600 in
346 3548 416 3606 T.P.
