2414 3826
138 162 201 228 198
255 161 432 218 EPISTOLA
449 160 663 216 ALEXANDRI
681 161 731 215 ΔΙ)
749 160 1019 219 ARISTOTELEM.

136 326 238 391 affuit
289 325 340 390 Ad
370 346 460 409 spem
492 323 626 388 subinde
655 323 862 410 contingendi
893 323 958 388 cibi
989 346 1065 390 curn
1096 347 1150 408 ap-

135 417 300 499 parerent,
327 413 427 478 veluti
455 412 611 478 formicae
639 414 699 476 sub
726 411 847 477 flumen
875 411 1062 480 efferbuere.
1108 414 1151 480 ur

134 524 175 566 ne
199 524 262 586 qua
285 505 382 566 noctu
404 523 478 567 cum
497 523 654 585 aquarum
672 500 831 585 prodigiis
850 501 936 565 bella
954 522 1151 589 gereremus,

135 591 216 654 iussi
234 591 391 655 tubicinio
416 591 456 655 ad
478 589 542 654 iter
565 588 687 654 milites
711 589 828 672 aptari.
870 589 955 665 Quid
979 593 1070 655 enim
1088 616 1151 658 ma·

109 697 213 744 encre
236 680 270 742 in
292 679 354 743 tali
377 678 562 743 sitientibus
586 678 681 742 nobis
703 677 857 761 proderat
880 677 978 744 loco?

224 766 330 852 Igitur
358 769 399 832 ab
426 767 508 832 hora
535 766 598 830 dici
621 765 747 832 decima
775 788 847 830 cum
876 766 917 831 ad
946 768 1150 836 undecimam

135 855 251 921 horam
275 856 338 921 iter
361 856 564 940 fecissemus,
589 854 729 919 vidimus
752 853 901 920 homines
925 877 984 939 per
1008 859 1149 923 medium

136 966 265 1010 amnem
295 945 391 1010 factis
421 944 632 1009 arundinibus
662 943 735 1008 istis
766 943 914 1008 rotundis
944 947 1151 1029 praetervehi

135 1035 304 1099 naviculis.
350 1033 437 1110 Quos
465 1055 537 1098 cum
566 1032 693 1097 dulcem
722 1053 840 1115 aquam
864 1038 1151 1117 percunctaremur

96 1141 122 1180 10
137 1145 195 1187 sua
225 1125 338 1206 lingua
367 1123 424 1186 ubi
453 1122 593 1186 inveniri
622 1125 750 1206 posset,
783 1121 934 1186 dixerunt
965 1144 1000 1187 se
1035 1125 1149 1210 ingens

135 1212 231 1276 nobis
256 1211 461 1276 dulcissimae
485 1232 588 1294 aquae
612 1212 765 1295 stagnum
792 1210 995 1295 inventuros,
1024 1235 1090 1296 quc
1119 1221 1148 1278 et

136 1301 201 1381 ipsi
223 1321 283 1363 nos
302 1298 538 1383 quinquaginta
560 1299 715 1364 itinerum
735 1299 830 1363 duces
855 1303 948 1364 erant
971 1300 1148 1368 deducturi.

136 1387 181 1452 Et
211 1388 365 1471 quoniam
396 1387 482 1450 facta
517 1391 593 1452 sunt
624 1388 719 1452 nobis
751 1390 802 1452 tot
833 1388 993 1453 instantia
1022 1392 1148 1475 perpeti

136 1477 231 1557 mala,
254 1478 349 1539 nocte
372 1477 444 1539 tcta
467 1477 704 1541 ambulavimus
728 1476 785 1541 siti
808 1480 842 1540 et
864 1498 1029 1542 armorum
1055 1501 1148 1544 oncrc

96 1581 122 1622 15
137 1563 287 1629 conflicti.
324 1562 446 1639 Quibus
465 1564 716 1630 necessitatibus
739 1565 796 1630 illa
820 1586 945 1650 quoquc
969 1565 1148 1634 adicieban-

135 1659 189 1716 tur
203 1653 417 1737 inccmmoda,
436 1655 520 1737 quod
539 1659 610 1719 tcta
628 1657 723 1718 nocte
741 1654 983 1718 incursantibus
999 1655 1147 1721 leonibus

136 1742 283 1825 ursisque
307 1745 339 1806 et
361 1743 552 1829 tigridibus,
578 1742 688 1831 pardis
718 1764 754 1807 ac
777 1742 929 1826 lyncibus
951 1744 1078 1827 pariter
1103 1767 1148 1810 re

137 1830 347 1915 sistebamus,
376 1854 456 1916 quac
481 1852 599 1918 genera
621 1831 764 1895 ferarum
786 1831 971 1914 promiscua
995 1835 1094 1899 nobis
1116 1835 1149 1899 in

136 1919 226 1985 silvis
256 1921 475 1986 occurrebant.
520 1920 663 1985 Tandem
692 1919 732 1984 ad
761 1920 875 1984 horam
903 1920 1032 1985 circiter
1062 1928 1149 1988 octa-

95 2027 121 2067 20
136 2031 210 2073 vam
235 2014 366 2092 postera
389 2009 454 2093 die,
482 2031 553 2073 cum
577 2009 643 2073 iam
666 2006 732 2073 fere
756 2008 811 2073 siti
835 2007 1082 2095 defecissemus,
1111 2012 1148 2078 ad

135 2098 338 2180 praedictum
360 2099 455 2163 nobis
475 2101 629 2182 stagnum
647 2099 862 2180 pervenimus,
886 2098 971 2182 quod
995 2105 1069 2165 crat
1091 2102 1149 2165 cir-

136 2187 323 2251 cumdatum
346 2186 568 2251 vetustissima
591 2185 833 2270 abundantique
857 2185 940 2251 silva
964 2189 1057 2253 mille
1079 2193 1149 2254 tan·

135 2277 207 2338 tum
237 2296 354 2357 passus
384 2277 509 2358 patens.
558 2273 648 2338 Tunc
679 2294 738 2358 ego
768 2277 883 2358 potata
912 2297 998 2359 aqua
1029 2277 1149 2362 gaudio

137 2363 242 2426 alacer
274 2383 391 2446 pecora
424 2365 456 2425 et
488 2362 718 2446 impedimenta
750 2385 822 2428 cum
861 2364 1005 2428 exercitu
1042 2366 1148 2431 refeci.

95 2475 121 2516 cs
135 2449 212 2516 Mox
237 2472 309 2514 cum
337 2450 425 2514 lassa
449 2450 668 2536 quadrupedia
696 2451 836 2517 militum
859 2452 1045 2518 refecissem
1073 2455 1148 2539 utic,

225 2614 239 2660 1
260 2606 389 2677 subinde]
414 2607 480 2660 inde
504 2607 541 2660 H.
576 2606 769 2679 contingendi]
794 2607 988 2675 contingentes
1013 2630 1044 2665 ω.
1080 2627 1148 2666 corr.

134 2679 166 2731 ia
185 2677 374 2746 contingentis
389 2677 422 2733 G.
456 2677 716 2732 cum—efferbucre
735 2695 785 2732 orn.
805 2679 835 2732 P.
865 2679 943 2744 Quae
958 2695 1022 2733 cum
1039 2681 1068 2737 0.
1101 2681 1150 2736 ubi

135 2765 199 2801 cum
206 2749 245 2803 H.
278 2756 293 2803 2
308 2748 442 2804 formicae
452 2749 504 2803 sub
513 2750 627 2817 scripsi;
645 2748 806 2802 fornicibus
815 2769 843 2804 ω.
852 2749 883 2802 V.
891 2749 919 2803 0.
928 2752 961 2804 P.
981 2751 1100 2807 formica
1111 2753 1147 2807 H.

135 2820 239 2873 flumen
258 2840 286 2873 ω.
295 2821 325 2874 V.
351 2820 382 2874 in
399 2820 512 2874 flumine
533 2818 562 2877 0.
570 2820 603 2874 P.
628 2835 678 2874 cm.
694 2820 731 2872 H.
760 2818 836 2888 cepit
854 2819 989 2876 effervere
1009 2822 1041 2877 V.
1081 2829 1096 2877 3
1116 2840 1149 2878 nc

136 2891 239 2958 quaH.
259 2908 435 2959 nequaquam
447 2911 475 2945 ω,
496 2906 664 2959 quamquam
678 2890 707 2944 0.
715 2891 748 2944 P.
768 2907 830 2944 cum
849 2892 947 2946 omH.
986 2897 1004 2946 4
1023 2894 1149 2948 tubicine

134 2962 176 3016 uel
188 2960 305 3016 tibicine
321 2982 350 3015 ω.
358 2962 386 3016 0.
395 2963 428 3014 P.
457 2960 538 3029 signo
551 2960 717 3015 bucinacH.
756 2961 871 3015 tncbis
885 2977 935 3016 cm.
950 2961 991 3017 H.
1029 2970 1149 3034 tueque

135 3033 171 3086 ad
185 3032 363 3086 undecimam
377 3050 440 3088 cum
454 3033 492 3087 H.
530 3038 599 3086 8ex
614 3029 748 3086 arundine
759 3032 797 3086 H.
836 3032 980 3087 edulcem
996 3051 1101 3105 aquam
1115 3037 1147 3092 θ.

135 3103 216 3158 dulce
226 3120 299 3170 aqua
310 3104 341 3157 L.
361 3102 456 3156 dulces
467 3119 553 3171 aquas
564 3104 608 3156 M.
615 3103 652 3156 H.
673 3101 762 3155 dulcis
773 3120 846 3171 aqua
858 3103 885 3157 0.
906 3104 996 3159 dulcis
1011 3124 1102 3176 aquae
1113 3107 1147 3162 Β.

135 3173 223 3228 dulcis
243 3189 333 3241 aquae
352 3189 437 3227 causa
456 3174 487 3228 V.
579 3178 612 3227 10
631 3173 729 3242 ingens
747 3190 798 3228 ncs
817 3177 947 3243 stagnum
967 3175 1147 3234 dulcissimae

134 3261 225 3312 aquae
242 3244 495 3299 inventurosHP.
541 3250 573 3298 15
594 3245 716 3299 conflicti
726 3265 755 3302 ω.
776 3245 943 3299 confectiH.
964 3247 1066 3303 afflicti
1077 3249 1105 3303 0.
1114 3250 1146 3304 P.

134 3321 168 3368 21
188 3315 404 3386 circumdatum]
423 3317 587 3370 coronatum
606 3314 797 3370 vetustissima
818 3316 1081 3388 circumdatumque
1099 3320 1149 3374 ha-

133 3385 271 3440 bundanti
291 3387 363 3441 silva
381 3387 419 3440 H.
498 3393 531 3440 22
550 3387 673 3457 tantum]
692 3388 787 3440 tamen
806 3387 844 3440 H.
920 3392 954 3442 23
975 3390 1056 3446 Tunc
1076 3392 1105 3446 0.
1113 3392 1146 3446 P.

131 3455 202 3510 Tum
224 3458 254 3511 V.
284 3457 353 3513 Cum
369 3478 399 3511 ω.
429 3457 496 3511 Cum
517 3473 583 3526 ergo
603 3473 655 3524 ego
669 3457 707 3510 H.
738 3457 814 3510 dulci
833 3458 961 3526 aquaH.
1001 3467 1036 3516 24
1055 3462 1147 3517 refeci.

116 3526 191 3580 Mox
209 3529 292 3602 cum]
309 3529 421 3602 pariter
439 3532 470 3586 et
490 3528 530 3587 H.
603 3532 640 3584 ‘lb
659 3525 735 3597 ctist
747 3526 847 3580 meliri
864 3530 904 3582 H.
