2414 3826
415 166 530 222 AOTUS
548 165 771 223 ALEXANDRI.
1045 165 1086 230 81

75 331 157 396 tiam
171 329 432 394 demonstrarent
451 329 486 393 in
500 328 677 394 Alexandri
694 328 883 413 inimicitiis,
903 327 993 395 cuius
1013 349 1089 394 con-

75 418 220 486 cordiam
245 420 323 483 tunc
342 417 590 484 Atheniensium
611 418 724 484 civitas
744 418 921 482 maluisset.
959 416 1089 482 Adven-

75 507 163 574 tanti
195 506 299 594 igitur
332 507 372 571 ad
403 506 518 572 urbem
551 528 642 572 suam
678 506 806 572 obiecta
838 509 914 571 sunt
946 506 1089 572 claustra

75 600 260 682 portarum,
290 595 492 679 classemque
521 595 620 661 armis
649 598 682 660 et
711 595 870 660 militibus
897 594 1088 679 instruxere,

77 685 164 770 quod
192 686 355 769 utrimque
382 686 472 749 terra
499 685 551 749 vel
581 683 665 748 mari
694 683 923 749 formidolosos
954 705 988 748 se
1019 683 1088 749 fore
1101 702 1120 746 s

76 773 264 840 Alexandro
287 771 532 838 arbitrarentur.
576 771 639 837 His
664 772 920 857 rex‚compertis
947 772 1088 858 primum
1106 779 1152 832 26.

78 863 118 927 ad
142 883 197 927 eos
221 882 279 944 per
301 860 473 946 epistolam
496 861 651 944 loquitur,
674 883 737 945 qua
760 864 916 946 moneret,
939 861 988 925 uti
1011 862 1088 926 boni

77 950 285 1017 consulerent
312 970 447 1032 eamque
470 950 608 1034 gloriam
636 949 800 1035 bellicam,
827 971 926 1034 quam
949 949 1088 1014 maiores

79 1039 141 1103 sibi
165 1040 295 1102 strenuo
318 1038 534 1122 peperissent,
561 1038 651 1103 nullo
680 1038 767 1123 turpi
790 1037 933 1122 periculo
962 1037 1088 1102 amitte-

78 1129 151 1192 rent
175 1127 410 1211 solverentque.
454 1126 587 1193 Etenim
616 1126 644 1191 si
668 1126 745 1211 quid
767 1147 879 1191 eorum
901 1125 1032 1191 fortuna
1053 1125 1129 1205 inre

78 1215 305 1301 praesentibus
324 1215 503 1300 vacillaret,
526 1219 660 1282 cunctae
676 1215 805 1299 quoque
824 1214 1004 1299 priscarum
1023 1236 1089 1280 me·

79 1303 203 1369 moriae
221 1302 399 1388 gloriarum
421 1325 486 1369 una
507 1305 571 1370 sibi
595 1304 759 1389 periturae
778 1304 973 1388 viderentur,
996 1324 1088 1368 even·

80 1398 252 1477 turumque
261 1391 418 1478 profecto,
430 1396 468 1458 ut
481 1393 558 1459 dum
567 1392 821 1458 Atheniensibus
836 1391 1089 1457 obstinationem

79 1503 171 1546 suam
194 1484 367 1566 pergerent
389 1485 569 1568 ostentare,
590 1481 671 1546 risui
694 1481 804 1566 potius
826 1480 967 1546 inimicis
990 1503 1089 1565 quam

78 1570 222 1655 periculo
241 1569 391 1635 hostibus
414 1569 529 1638 forent.
570 1569 678 1657 Igitur
700 1574 848 1654 oportere
873 1591 928 1635 eos
951 1570 1088 1635 navibus
1103 1589 1128 1631 15

81 1657 244 1723 derelictis
277 1657 440 1742 armisque
472 1658 627 1743 depositis
668 1659 828 1724 amicitiae
866 1680 943 1724 suaa
978 1659 1088 1742 potius

81 1769 180 1831 quarn
216 1767 382 1811 armorum
419 1768 533 1832 capere
569 1748 833 1833 experimentum.
893 1745 1090 1832 Ceteroquin

80 1857 162 1920 quos
182 1834 345 1900 sententia
363 1835 478 1902 melior
495 1835 638 1901 indidem
656 1858 722 1901 non
738 1834 932 1918 deduxisset,
949 1834 1089 1900 flammis

78 1926 113 1989 et
134 1923 280 1988 incendio
305 1923 520 2008 deponendos.
1103 1937 1128 1977 ¹⁹

169 2010 228 2078 20.
272 2010 424 2096 Acceptis
454 2013 555 2099 igitur
583 2011 673 2078 hisco
703 2010 866 2076 mandatis
897 2031 963 2075 non
993 2009 1089 2076 modo
1108 2014 1155 2066 2⁷·

78 2100 154 2166 flexi
180 2100 425 2167 Lacedaemonii
452 2122 519 2167 non
547 2104 634 2186 sunt,
665 2101 722 2165 sed
751 2103 788 2164 ut
815 2097 1028 2165 confidentius
1056 2099 1091 2163 in

78 2211 171 2256 arma
198 2193 401 2256 concurrunt.
446 2187 570 2274 Coepto
598 2194 708 2255 tamen
738 2192 835 2273 atquo
865 2187 1005 2252 exercito
1032 2209 1091 2271 per

78 2277 213 2344 biduum
240 2278 366 2364 proelio
396 2300 464 2343 non
491 2278 621 2345 difficile
648 2277 833 2343 Alexandro
860 2276 924 2343 fuit
950 2275 1090 2341 flammis

78 2367 208 2433 iniectis
246 2366 361 2432 excidii
396 2367 577 2452 periculum
612 2366 877 2433 Lacedaemoniis
916 2370 1089 2432 ostentare.

80 2454 187 2532 Quare
214 2459 292 2520 tunc
325 2456 453 2521 demum
483 2457 644 2542 supplices
677 2457 908 2541 submissique,
937 2478 978 2520 ne
1008 2455 1089 2520 illud
1104 2470 1130 2512 2⁶

81 2543 241 2609 excidium
274 2543 404 2626 sibiet
436 2546 610 2630 captivitas
642 2549 865 2631 perseveraret
896 2543 1091 2629 Alexandro,

65 2631 269 2718 procedunt.
315 2631 367 2696 Ad
391 2655 472 2718 quos
496 2656 552 2700 rex
580 2634 640 2700 aitr
668 2633 844 2718 ‘Equidem
872 2654 923 2697 me
949 2633 1016 2697 scio
1044 2632 1090 2697 in·

79 2720 182 2806 tegris
210 2721 308 2786 etiam
335 2725 413 2786 tunc
440 2722 537 2787 rebus
565 2722 646 2788 haec
674 2722 843 2788 consulere
869 2719 1025 2804 voluisse3
1057 2722 1092 2784 at

81 2809 167 2874 enim
190 2832 250 2875 vos
274 2814 446 2895 cumpost
472 2811 585 2877 classis
608 2815 735 2876 vestrae
763 2809 916 2892 urbisque
943 2807 1091 2873 incendia

172 2971 186 3020 1
205 2965 235 3020 in
253 2965 405 3028 Alexandri
419 2967 576 3023 inimicitiis
589 2968 622 3022 P.
648 2983 704 3037 quo
718 2964 876 3022 Alexandro
890 2964 996 3020 inimici
1011 2962 1054 3018 illi
1063 2971 1091 3028 τ.

78 3035 244 3091 inimicitias
263 3037 304 3105 A,
323 3054 373 3099 om.
393 3037 423 3092 in
440 3038 600 3094 Alexandri.
643 3035 851 3094 2Adventanti
868 3035 956 3108 igitur
974 3035 1091 3091 Alexan·

79 3107 131 3162 dro
146 3106 179 3162 P.
217 3113 233 3161 8
253 3108 363 3164 obiecta
381 3112 447 3165 runt
465 3111 541 3166 codd.
568 3109 745 3166 obiectarunt
758 3109 858 3178 Klope.
896 3113 911 3162 b
931 3106 1043 3175 utrique
1057 3106 1091 3164 P.

78 3177 232 3234 formidolo
241 3179 277 3235 A.
315 3185 329 3233 7
349 3196 405 3249 qua
418 3181 545 3237 moneret
552 3181 587 3239 A.
595 3180 629 3237 P.
648 3197 732 3251 quam
746 3181 856 3250 possint
865 3185 892 3233 Τ.
919 3177 1046 3233 boniom.
1058 3176 1090 3231 P.

80 3249 300 3306 9admitterent
318 3250 350 3306 P.
406 3256 438 3306 11
458 3251 626 3308 vacillarent
645 3253 680 3308 P.
739 3258 771 3307 17
791 3247 958 3319 Ceteroqnin
975 3263 1045 3316 quos
1063 3252 1104 3308 T„

80 3321 225 3389 ceteroqui
245 3319 269 3374 si
287 3338 357 3390 qnos
375 3322 452 3377 AP.

171 3391 220 3446 20.
253 3397 288 3447 20
307 3394 351 3447 hie
369 3393 403 3447 P.
445 3398 479 3448 21
499 3393 703 3450 confidentibus
722 3400 749 3447 Τ.
786 3399 821 3448 25
840 3389 1036 3466 supplicesque
1057 3389 1092 3445 P.

80 3463 163 3518 illum
181 3462 215 3517 P.
270 3469 305 3518 26
324 3464 483 3520 Alexandro
502 3464 569 3520 r.P.
593 3481 644 3522 om.
662 3465 700 3524 A.
749 3470 783 3522 ‘h‘l
808 3463 853 3520 Ad
868 3461 1045 3537 quava&⁸
1066 3457 1112 3508 kb·
1157 3526 1161 3532 ι

81 3533 197 3602 quodP.
235 3535 444 3595 aareburrP
464 3537 633 3597 redditisA.
660 3541 695 3598 at
707 3535 870 3598 animm.
887 3522 1138 3589 canescens&-

120 3629 208 3669 Irnrus
224 3632 357 3676 Victurus.
549 3667 553 3677 .
960 3625 983 3673 s
