2414 3826
402 169 519 226 Aures
538 171 761 229 ALEXANDRI.
1031 173 1074 248 ,91

154 329 338 396 Alexander
356 332 568 398 nihilominus
586 335 719 420 propius
738 335 804 400 iem
823 335 940 401 Persas
964 337 1018 401 ad·
1054 343 1130 400 XIII.

63 423 160 504 ierat,
188 419 270 485 adeo
298 424 334 484 ut
360 421 395 485 in
423 426 599 505 conspeetu
627 444 739 488 eorum
763 425 861 488 etiam
885 447 995 490 muros
1018 425 1075 490 ha-

62 511 165 576 beret.
209 507 384 574 Enimvero
413 510 673 576 aestimationem
695 512 895 578 intellectam
918 513 1075 579 adventus

63 599 115 664 sui
144 599 179 662 in
207 598 294 663 hunc
321 598 453 662 modum
480 599 576 664 ludit:
604 621 706 683 pecua
733 601 914 685 multigena
942 624 998 668 seu
1026 625 1075 668 ar·

63 690 185 770 menta,
208 708 291 770 quae
315 685 381 750 illis
404 686 440 751 in
462 688 592 772 pascuis
617 688 830 773 abundarent,
854 693 966 756 coacta
990 709 1102 756 com-e

62 774 236 860 prehendi,
265 797 376 840 eorum
403 776 554 841 cornibus
582 775 768 842 frondentes
797 782 830 842 et
857 779 1075 846 acutiusculos

62 885 173 930 ramos
197 864 324 928 adnecti
342 863 446 949 iubet;
469 868 603 950 tumque
627 865 701 929 aliie
724 866 858 934 ramulis
878 868 1011 932 adnexis
1035 869 1076 940 ad

63 953 184 1019 caudas
198 951 358 1035 pecudum
376 954 576 1036 singularum
595 954 650 1038 egi
668 954 903 1037 praeimpedita
917 955 1075 1022 hactenus

63 1041 207 1125 mandat,
230 1045 401 1126 utramque
420 1043 561 1125 speciem
578 1042 702 1126 pariter
720 1043 879 1124 imitatus,
902 1047 939 1108 ut
957 1048 990 1108 et
1008 1065 1075 1110 ere·

62 1130 125 1216 ctis
148 1130 326 1213 frondibus,
345 1151 426 1214 quae
442 1130 583 1195 adnexae
598 1131 750 1196 cornibus
769 1131 964 1215 ferebantur,
983 1133 1076 1198 silve·
1090 1153 1117 1195 ro

63 1223 164 1284 strem
188 1218 349 1302 quandam
372 1219 511 1302 speciem
528 1241 613 1302 pree
637 1241 671 1284 se
695 1223 840 1304 agerent,
870 1241 909 1284 ex
936 1242 1000 1304 qua
1023 1243 1075 1286 oo·

63 1307 130 1374 culi
157 1309 382 1391 insequentem
410 1308 586 1373 exercitum
613 1307 711 1393 foret,
738 1330 755 1373 e
798 1310 913 1373 tractis
940 1311 1075 1375 ramulis

61 1396 171 1480 pulvis
199 1396 321 1460 excitus
350 1417 477 1461 omnem
502 1396 737 1462 dinoscentiam
759 1398 826 1462 veri
854 1398 978 1463 eminus
1002 1420 1076 1464 con-

62 1484 209 1550 fudisset.
262 1483 307 1549 Et
335 1484 398 1550 boc
427 1485 528 1569 igitur
559 1507 598 1550 ex
624 1487 759 1569 pulvere
784 1485 967 1570 nebulaque
997 1489 1075 1572 eius,

61 1595 120 1658 per
141 1573 337 1638 immensum
357 1595 438 1658 quae
457 1574 557 1638 latius
577 1575 743 1658 agebatur,
767 1574 985 1661 obstupefacti
1008 1577 1074 1642 iam
1088 1595 1115 1637 rs

61 1663 219 1747 primum,
246 1665 317 1726 tum
340 1662 439 1727 etiam
462 1662 550 1727 ultra
573 1663 759 1746 opinionem
781 1664 894 1749 magni
917 1665 1075 1730 exercitus

61 1751 171 1816 territi
201 1749 319 1815 Persae
352 1753 484 1834 stupore
516 1749 612 1814 defixi
646 1755 729 1817 sunt.
784 1752 855 1816 Iam
887 1774 946 1837 per
978 1753 1079 1818 inter.

61 1840 195 1905 nuntios
218 1839 410 1905 facultatem
438 1838 517 1903 belli
541 1839 612 1903 dari
635 1839 700 1904 sibi
724 1841 910 1905 decreverat
932 1840 1075 1906 Alexan·

61 1929 119 1994 der
146 1929 311 2012 postulare
344 1948 446 2011 eaque
474 1949 551 1992 cura
578 1928 747 2011 depressus
781 1929 816 1992 in
845 1950 995 1993 somnum
1025 1932 1075 1993 est

62 2017 267 2102 somniatque
300 2016 363 2081 sibi
396 2016 491 2080 deum
523 2015 716 2080 Ammonem
749 2016 914 2080 adstitisse
946 2037 1115 2080 omnemne

60 2106 225 2189 habitum,
249 2126 312 2189 quo
337 2105 432 2169 deum
456 2105 651 2169 Mercurium
674 2105 764 2187 pingi
788 2105 916 2182 visitur,
945 2103 1076 2170 sibimet

12 2220 22 2244 ·
61 2194 283 2279 porrigentem
307 2215 380 2259 cum
403 2193 453 2257 his
476 2193 652 2258 mandatis:
676 2191 745 2257 ‘En
769 2193 839 2273 tibi,
862 2192 911 2257 fili
933 2191 1074 2258 Alexan-

62 2283 133 2367 der,
162 2283 275 2347 adsum
302 2283 337 2347 iu
366 2286 511 2366 tempore
542 2303 721 2366 moneoque
749 2282 790 2347 ab
818 2282 876 2347 illo
903 2287 951 2367 te,
979 2303 1075 2366 quem

60 2373 172 2456 legare
195 2371 383 2436 institueras
408 2371 449 2436 ad
471 2371 622 2454 Darium,
645 2369 739 2454 prodi
761 2373 916 2455 potuisse.
963 2371 1075 2437 Enim-

61 2482 140 2527 vero
163 2459 241 2524 forti
261 2460 370 2524 animo
395 2479 456 2544 ege
479 2464 609 2545 teteque
632 2460 704 2545 ipso
723 2482 783 2543 pro
806 2464 839 2525 te
862 2464 952 2526 utere
975 2462 1073 2526 inter·
1088 2480 1114 2522 as
1143 2507 1157 2534 .

60 2548 177 2614 nuntio
184 2597 193 2630 ,
224 2548 376 2613 videlicet
402 2549 465 2614 hoe
493 2549 581 2614 omui
608 2548 724 2614 habitu
757 2549 946 2632 adornatus,
979 2572 1075 2634 quem

60 2659 148 2703 nune
168 2660 187 2703 a
207 2659 258 2701 me
277 2637 339 2701 tibi
358 2637 465 2701 offerri
485 2637 677 2702 consideras.
714 2637 752 2702 Id
774 2639 861 2702 enim
880 2639 940 2702 etsi
959 2659 1074 2720 parum

61 2727 247 2793 consultum
270 2725 343 2790 aliis
366 2724 493 2790 videtur
517 2745 627 2810 regem
650 2725 701 2789 sui
725 2726 832 2808 ipsum
854 2746 914 2808 pro
938 2747 972 2790 se
995 2747 1075 2790 nun-

60 2815 145 2880 tium
162 2814 241 2896 fieri,
259 2814 320 2878 tibi
337 2816 449 2879 tamen
467 2813 556 2879 istud
575 2814 696 2878 auxilio
716 2817 828 2879 nostro
842 2813 985 2895 proclive
1004 2813 1074 2877 est?
1195 2836 1197 2841 ·

153 2901 211 2968 26.
239 2901 338 2966 Paret
357 2925 412 2967 rex
431 2902 563 2968 monitis
583 2902 635 2966 dei
652 2901 864 2986 protinusque
879 2899 1015 2967 Eumelo
1065 2905 1140 2966 XIV.

61 2992 240 3058 comit-aute
264 3013 345 3075 equo
369 2996 491 3072 vectus,
514 2994 682 3074 praeterea
705 2990 769 3056 elio
794 2988 988 3055 subsidiario
1012 2989 1115 3058 sibim

63 3080 199 3162 adscito,
222 3080 411 3145 mandatum
431 3079 510 3164 agit.
551 3078 656 3164 Igitur
674 3101 747 3145 cum
766 3078 806 3144 ad
825 3077 998 3164 Strangam
1016 3077 1074 3144 flu·

61 3169 151 3233 vium
170 3169 361 3251 devenisset,
384 3167 440 3252 qui
457 3167 647 3252 plerumque
671 3189 710 3232 ex
727 3168 932 3233 vehementia
950 3167 1075 3232 nivium

63 3258 143 3323 adeo
163 3257 337 3342 stringitur
360 3260 393 3322 et
416 3257 623 3341 congelascit,
646 3260 684 3321 ut
706 3257 810 3322 instar
832 3257 903 3321 saxi
921 3256 1075 3322 viabilem

153 3473 185 3524 11
206 3466 296 3524 occuli
315 3467 371 3522 Mr.
396 3465 471 3521 oculi
492 3465 525 3522 P.
598 3472 634 3523 ‘lb
653 3482 820 3524 ammonam
835 3466 874 3520 P.

147 3540 194 3593 26.
228 3545 264 3592 30
280 3538 402 3596 Eumelo
422 3539 484 3599 Mr.
508 3538 642 3599 Eumedo
664 3541 700 3600 P.
