2414 3826
125 161 193 226 184
288 159 505 215 ALEXANRDI
523 160 602 215 CUM
619 159 778 217 omnmo
796 160 989 218 COLLATIO.

122 347 187 390 non
220 324 292 407 ipse
321 323 450 407 quidem
478 322 558 386 deus
588 327 653 406 est,
683 323 738 387 sed
766 322 818 388 dci
845 324 971 388 amicus
998 324 1142 389 efficitur.

123 412 189 480 Cur
216 416 336 495 autem,
360 433 490 494 quaeso,
512 412 621 476 visum
645 415 696 475 est
717 411 785 476 tibi
803 433 864 477 uos
887 413 1095 478 continenter
1115 415 1145 477 et

122 503 176 585 pie
202 501 349 566 viventes
378 500 482 564 dicere
510 499 590 566 deos
617 522 688 564 esse
715 501 768 564 vel
795 505 881 565 certe
907 502 1054 567 invidere
1078 501 1144 585 deo,

125 589 289 672 siquidem
308 589 426 653 iustius
449 589 484 651 in
503 611 561 653 vos
581 589 667 654 cadit
685 590 749 653 ista
767 588 931 672 suspicio?
968 588 1058 655 Nam
1077 611 1146 654 cum

100 678 315 760 ssuperbiam
339 680 484 741 vestram
507 678 629 741 nimiae
653 676 819 742 felicitatis
842 683 953 743 tumor
975 678 1148 760 inflaverit,

127 766 224 832 obliti
255 765 342 850 quod
372 788 411 829 ex
441 765 631 830 hominibus
661 767 757 849 estis,
785 766 924 830 firmatis
955 766 1055 831 deum
1085 788 1149 831 nou

126 876 241 920 curare
265 855 304 918 de
327 854 532 919 mortalibus.
569 853 771 919 Vobismet
761 855 842 939 ipsis
860 855 985 939 templa
1002 855 1149 919 fundatis

127 948 227 1028 atque
252 966 326 1008 aras
350 943 475 1027 erigitis
504 947 538 1007 et
566 943 845 1008 immolationibus
867 943 1029 1026 pecudum
1054 945 1149 1008 laeta·

129 1033 209 1097 mini
234 1054 293 1096 vos
317 1032 472 1096 invocari.
517 1031 591 1096 Hoc
612 1033 700 1116 patri
722 1031 886 1113 videlicet,
913 1032 979 1096 hoc
1008 1054 1073 1098 avo
1096 1036 1149 1096 tuo

88 1145 114 1184 10
131 1122 322 1205 cunctisque
340 1123 458 1205 parent
443 1121 532 1185 tibus
557 1124 681 1184 certum
705 1123 756 1184 est
773 1120 860 1203 ficri,
877 1081 945 1185 boc
969 1122 1073 1185 etiam
1092 1120 1150 1184 tibi

130 1209 337 1294 pyramidum
360 1209 501 1273 forsitan
524 1209 689 1293 promittit
711 1208 899 1273 exstructio.
944 1207 1150 1293 Quapropter

131 1300 275 1362 furiosos
307 1297 415 1360 verius
448 1319 507 1361 vos
546 1319 617 1362 csse
653 1297 803 1378 dixerim,
841 1296 896 1380 qui
928 1298 1014 1382 quod
1055 1298 1150 1384 agitis

130 1385 311 1471 ignoratis,
343 1388 400 1448 aut
432 1386 460 1447 si
495 1386 591 1449 deum
622 1386 759 1451 scientes
794 1387 1017 1468 contemnitis,
1055 1386 1150 1451 sacri·

131 1475 211 1556 legii
244 1477 338 1536 reatu
369 1473 535 1537 tenemini.
591 1473 674 1540 Cum
712 1495 790 1558 ergo
823 1474 990 1539 caecitatis
1024 1479 1150 1541 vestrae

92 1585 117 1625 15
131 1562 286 1626 tenebras
314 1565 401 1624 recte
425 1563 631 1627 cernentibus
660 1563 834 1646 applicatis
862 1566 896 1626 et
924 1564 1073 1628 animum
1100 1585 1151 1628 nc

133 1660 237 1714 strum
260 1650 321 1713 tali
343 1651 489 1716 convicio
515 1652 684 1732 sauciatis,
712 1673 779 1716 non
802 1651 924 1735 sinitis,
948 1655 988 1716 ut
1011 1652 1150 1717 miseriis

133 1739 253 1803 vestris
281 1738 432 1802 lacrimas
461 1740 594 1821 saltem,
624 1740 710 1823 quod
741 1743 792 1804 est
822 1743 1004 1805 extremum
1035 1762 1151 1806 munus

133 1828 350 1913 pereuntium,
369 1827 598 1912 dependamus.
621 1827 727 1892 Valde
741 1829 826 1893 enim
844 1828 1049 1893 lamentandi
1068 1831 1153 1911 estis,

134 1919 252 2003 quibus
271 1916 483 2000 inexpiabiles
501 1939 561 2002 pro
581 1917 760 1981 divinitatis
784 1917 903 1981 iniuria
920 1939 1046 2000 poenae
1065 1939 1153 2002 prae

94 2011 307 2092 separantur,
338 2027 475 2089 quarum
503 2006 718 2070 certissimum
748 2006 977 2070 documentum
1006 2010 1059 2070 est
1088 2006 1154 2072 Sal·

134 2097 244 2160 monei
268 2095 355 2158 iusta
380 2095 560 2176 damnatio,
588 2095 643 2177 qui
671 2094 834 2179 fulgorem
864 2095 995 2177 superni
1019 2095 1154 2160 luminis

137 2185 328 2264 aemulatus,
348 2185 434 2266 quod
453 2184 653 2261 imitabatur,
676 2186 828 2266 expertus
847 2186 905 2260 est,
927 2185 979 2247 vel
997 2183 1155 2250 Enceladi

136 2272 318 2354 sepultura,
345 2272 400 2354 qui
427 2273 501 2352 qaia
523 2272 675 2336 violentis
703 2272 835 2336 ausibus
864 2271 999 2356 aggredi
1029 2274 1155 2338 coelum

136 2358 286 2422 manibus
310 2358 426 2442 voluit,
448 2361 607 2443 premitur
629 2361 754 2425 tumulo
778 2361 901 2425 montis
924 2361 1031 2444 igniti.
1071 2361 1156 2425 Tali-

96 2447 197 2511 esbus
230 2451 453 2598 remunleratur
484 2447 664 2512 honoribus
671 2498 680 2531 ,
716 2449 771 2531 qui
803 2470 838 2512 se
873 2470 940 2514 non
973 2454 1158 2534 agnoscunt

138 2556 208 2599 esse
231 2537 338 2598 morta
354 2556 397 2599 es.

229 2726 322 2797 ldei]
349 2727 417 2782 deus
440 2727 476 2782 L.
550 2729 653 2782 sdecs
676 2728 750 2799 esse]
775 2728 828 2782 diis
851 2728 887 2782 B.
962 2728 1102 2785 4iustius
1120 2731 1156 2784 B.

138 2799 219 2854 istius
238 2796 272 2851 L.
283 2799 315 2851 P.
340 2815 389 2853 om.
409 2798 446 2852 R.
489 2799 665 2867 coblitique
683 2799 719 2852 B.
748 2815 804 2854 nou
822 2815 872 2855 orn.
892 2800 927 2854 L.
936 2800 970 2854 P.
1014 2802 1088 2855 ‘lde
1106 2818 1155 2857 om.

138 2870 212 2924 L.P.
281 2868 443 2925 9iuvocari
461 2869 497 2924 R.
526 2870 623 2924 vocari
641 2876 688 2924 cet.
725 2872 774 2924 tuo
793 2870 829 2926 B.
848 2886 899 2925 osu.
919 2876 965 2924 cet.
1042 2876 1076 2925 11
1095 2889 1159 2942 pro·

138 2941 228 2995 mittit
236 2939 314 2994 RB.
339 2941 499 3010 praemittit
507 2941 542 2996 L.
566 2940 707 3010 permittit
718 2941 752 2994 P.
790 2943 942 2996 exstructio
951 2942 989 2996 R.
1009 2941 1158 2999 instructio

139 3018 186 3068 cet.
306 3017 338 3064 12
362 3012 455 3066 verius
479 3028 529 3067 om.
552 3012 589 3065 B.
703 3018 737 3065 14
759 3013 911 3066 teneamini
936 3012 1014 3066 P.B.
1055 3029 1104 3068 cur
1126 3015 1158 3070 P.

141 3089 174 3138 16
194 3081 335 3154 convicio]
369 3083 508 3152 supplicio
527 3083 563 3137 R.
591 3083 750 3137 sauciantes
769 3083 802 3137 L.
865 3088 898 3137 18
917 3083 1106 3152 depensamus
1124 3086 1158 3141 L.

140 3155 332 3236 depandamus
347 3153 382 3209 R
467 3160 499 3208 19
518 3152 688 3223 inexpiabile
702 3155 737 3208 L
765 3153 973 3222 inexplicabilis
989 3155 1024 3211 P.
1059 3156 1158 3212 diviui-

140 3226 227 3279 tate
219 3225 339 3279 iniuriae
354 3224 391 3279 R
419 3241 527 3294 poenae
547 3241 596 3279 om
616 3224 650 3278 L.
674 3241 767 3305 poena
785 3226 1019 3294 praeparaturP.
1058 3233 1093 3282 22
1113 3229 1158 3282 vel

141 3295 241 3349 osuR
278 3302 312 3349 23
332 3296 474 3364 quiRffB
494 3295 653 3364 quaeLMP
687 3296 886 3378 quiascripsi;
906 3297 1025 3355 dumB.
1045 3304 1160 3354 ommcet

140 3371 175 3420 24
194 3314 350 3420 manibusq
332 3384 388 3493 ppt.
403 3366 439 3423 R.
460 3367 608 3436 premitur]
623 3366 815 3434 praemittitur
829 3369 863 3421 L
901 3373 935 3421 25
956 3369 1158 3438 agnoscantR.

141 3439 315 3504 cognoscunt
