2414 3826
395 159 513 217 AOTUS
531 161 758 223 ALEXANDRI.
1027 165 1070 230 97

55 329 166 392 autem
197 347 269 390 cum
301 325 397 410 longe
429 324 636 410 tranquillius
670 325 858 410 doctiusque
887 326 1069 396 Alexander

56 414 249 480 Macedones
273 414 308 479 in
327 435 448 479 cornua
465 412 693 499 protendisset,
715 416 785 499 ipse
802 413 990 500 Bucephala
1009 439 1068 483 suo

55 505 168 569 vectus
191 502 408 586 imperatoriis
428 502 543 568 officiis
562 501 767 586 fungebatur.
804 503 949 569 Tandem
967 506 1068 591 igitur

55 592 211 656 bellicum
230 591 313 656 lituo
330 591 536 674 praecinente
555 590 627 674 pari
647 593 809 676 utrimque
825 615 981 677 procursu
999 616 1071 678 par·

56 685 108 745 tes
128 680 162 744 in
182 700 250 744 sese
265 682 467 764 procurrunt.
503 677 711 764 Primumque
731 681 817 746 saxis
836 703 873 746 ao
892 682 1099 749 missilibusa

57 768 202 852 iaculati,
221 790 297 835 mox
316 768 447 833 ensibus
462 768 560 832 etiam
576 759 697 832 stridtis
717 769 896 835 comminus
910 772 1072 856 proelian-

56 862 121 922 tur.
158 855 263 921 Multa
282 857 419 943 denique
438 856 502 921 diei
520 859 613 940 parte
631 861 832 941 consumpta,
851 859 908 923 ubi
926 882 992 926 non
1009 861 1073 926 dis·

58 945 205 1012 criminis
228 946 394 1030 parilitate
413 944 562 1029 protrahi
580 944 702 1010 bellum
720 945 839 1011 Darius
862 946 954 1031 vidit,
972 950 1073 1013 enim-

56 1057 135 1101 vero
160 1035 246 1118 qued
270 1056 371 1099 unum
395 1034 427 1098 id
449 1055 561 1099 morae
584 1031 814 1099 Macedonibus
838 1034 1012 1120 videretur,
1037 1041 1074 1103 ut

57 1123 220 1190 metendis
251 1122 389 1190 Persicis
426 1121 585 1188 militibus
617 1121 845 1188 tantummodo
879 1123 1073 1205 laborarent,
1087 1148 1114 1189 ro

58 1235 125 1298 quo
148 1234 200 1278 res
218 1212 354 1297 periculi
371 1211 528 1296 tenderet,
549 1211 638 1276 haud
657 1210 752 1276 dubie
771 1212 1002 1295 interpretatus
1025 1214 1073 1278 fn·

59 1322 136 1387 gam
159 1302 300 1385 capessit
330 1304 362 1365 et
390 1322 487 1366 cursu
516 1321 599 1384 sese,
627 1321 725 1384 quam
751 1300 933 1385 properiter
954 1307 1075 1386 posset,

58 1390 286 1475 praesentibus
316 1390 444 1455 liberat.
494 1387 670 1472 Strangam
701 1388 838 1476 denique
869 1390 967 1455 etiam
996 1394 1074 1457 tunc

59 1481 201 1544 stratum
228 1478 426 1544 firmitudine
453 1477 624 1562 perviabili
652 1478 848 1548 transmittit
879 1483 975 1564 atque
1008 1481 1075 1545 exit

59 1569 95 1633 et
124 1567 193 1651 ipse
221 1567 352 1651 quidem
375 1567 437 1632 iter
465 1566 507 1631 ad
534 1565 661 1652 regiam
687 1571 852 1652 properat.
896 1566 969 1633 Iam
996 1591 1074 1635 vero
1089 1588 1115 1631 11

59 1655 201 1721 turbatis
226 1655 364 1720 Persicis
392 1655 502 1734 rebus,
531 1676 604 1720 cum
634 1675 748 1720 omnes
770 1656 893 1741 pariter
922 1657 999 1722 illae
1023 1660 1076 1724 tot

58 1744 256 1830 phalanges,
285 1766 367 1828 quae
392 1747 500 1808 tamen
524 1743 603 1807 ferri
625 1742 834 1829 hostiumque
857 1746 1002 1810 nondum
1025 1767 1076 1810 ex·

60 1835 174 1917 pertae
198 1836 315 1915 essent,
339 1832 380 1898 ad
405 1833 541 1897 eundem
563 1831 691 1897 alveum
715 1832 839 1897 avidius
859 1832 1076 1919 advenissent,

60 1921 130 1987 sive
155 1943 193 1986 ex
215 1921 274 1986 illa
292 1921 474 2006 fragilitate
492 1922 630 1984 naturae
650 1919 718 1985 sive
736 1920 921 1986 inconsulto
945 1922 1075 2006 agmine

59 2010 184 2094 pariter
201 2010 359 2094 inruente,
384 2008 526 2095 Stranga
549 2031 643 2073 suum
664 2007 807 2090 officium
826 2008 935 2074 deficit
952 2009 1075 2093 ingres·
1089 2031 1116 2072 ro

60 2119 179 2182 sosque
199 2099 379 2182 submergit
402 2117 586 2181 omnesque,
609 2117 690 2180 quos
709 2095 801 2161 alveo
821 2100 997 2181 acceperat,
1021 2118 1076 2162 ne-

58 2188 125 2251 cat.
180 2187 334 2270 Reliquos
362 2207 459 2270 porro
488 2184 625 2250 insecuti
652 2184 844 2251 Macedones
872 2186 1077 2271 obtruncant,

60 2296 122 2340 nec
145 2274 211 2340 fere
234 2275 273 2339 fit
296 2274 420 2359 aliquid
437 2294 487 2363 ¹err
513 2274 579 2339 illis
603 2274 754 2339 omnibus
777 2275 906 2359 reliqui,
934 2296 998 2360 quo
1027 2298 1078 2342 se⁴

61 2383 156 2428 mesa
174 2367 329 2449 eurtaque
343 2363 523 2428 Alexandri
541 2363 679 2429 victoria
694 2363 866 2435 videretur.
897 2363 979 2430 Tum
998 2386 1076 2450 ergo

61 2451 184 2517 Darius
209 2453 298 2518 omni
326 2474 383 2536 spe
407 2452 541 2517 melior‘e
565 2452 714 2537 deposita
741 2474 815 2518 cum
837 2454 1005 2537 ingressus
1029 2476 1076 2519 re·
1090 2474 1117 2516 aa

62 2540 153 2626 giam
172 2563 264 2606 suam
278 2541 371 2605 humi
388 2562 458 2606 sese
472 2541 686 2607 eiulabnndus
700 2542 931 2607 miserabiliter
944 2565 1078 2626 prorsus

64 2634 98 2694 et
117 2629 296 2714 ignobilius
317 2629 558 2712 constravisset,
581 2629 748 2696 maerebat
766 2630 897 2713 quidem
916 2634 948 2694 et
967 2652 1078 2696 eorum

62 2722 201 2801 merten,
230 2719 285 2801 qui
314 2718 377 2783 sibi
401 2719 480 2784 adeo
505 2718 647 2784 infauste
671 2718 884 2801 militassent,
913 2719 1082 2783 maerebat

62 2807 163 2872 etiam
185 2806 337 2872 damnum
357 2809 459 2892 regni,
481 2807 565 2891 qnod
584 2807 625 2871 ad
648 2805 765 2870 incitas
785 2805 978 2886 deduxisset,
1000 2810 1079 2871 tunc

55 2919 79 2969 ο
154 2968 170 3016 2
189 2963 359 3019 Macedonas
367 2963 399 3018 P.
424 2962 629 3033 praetendisset
639 2962 673 3016 P.
695 2958 858 3044 Bucephala
866 2962 973 3030 scripsi.
992 2962 1080 3017 Buce-

62 3032 151 3104 phalo
160 3034 194 3088 P.
202 3034 233 3089 T.
271 3034 484 3105 3imperatoris
492 3035 523 3090 T.
556 3033 739 3102 tetriqueP.
772 3038 925 3102 tprrmum
939 3032 1078 3088 xauxisP.

63 3111 83 3160 6
101 3104 243 3175 praeliant
252 3107 285 3162 P.
351 3113 365 3161 7
385 3106 481 3160 Multis
504 3106 623 3174 denique
647 3105 681 3159 de
704 3105 783 3172 parte
802 3104 974 3173 consumptis
986 3103 1018 3157 Τ.
1045 3104 1080 3158 de

64 3178 186 3245 utraque
205 3179 286 3247 parte
306 3178 380 3232 Mae.
443 3176 550 3231 8vidit
576 3176 607 3231 T.
635 3175 714 3230 iubet
731 3175 765 3229 P.
827 3181 859 3230 10
877 3173 1028 3229 metiendis
1048 3174 1080 3229 T.

67 3251 98 3301 11
116 3264 201 3316 quam
215 3264 274 3303 rem
288 3246 407 3319 periculi
420 3247 535 3302 tendere
544 3248 575 3302 T.
610 3253 641 3302 12
656 3249 688 3302 ut
703 3262 785 3300 cursu
799 3245 1036 3301 sese-liberaret
1045 3245 1080 3301 P.

67 3323 102 3373 14
120 3319 292 3374 firmitudine
309 3320 341 3374 Τ.
360 3318 524 3372 fortitudine
539 3318 571 3373 P.
615 3321 647 3371 15
665 3317 720 3372 iter
738 3333 789 3373 om.
809 3317 843 3372 P.
885 3323 918 3372 16
938 3316 1027 3372 omnis
1047 3317 1079 3372 P.

66 3394 100 3444 17
116 3391 247 3460 expertes
254 3391 288 3445 P.
326 3394 359 3443 18
374 3390 411 3445 ad
425 3389 543 3444 eundem
558 3389 668 3443 alveum
681 3386 790 3443 avidius
799 3389 979 3443 advenissent
987 3403 1037 3443 om.
1048 3388 1083 3442 P.

67 3465 101 3514 19
120 3459 276 3531 fragilitate
298 3460 328 3518 T.
354 3459 494 3515 facilitate
512 3460 544 3516 P.
569 3458 876 3532 agminis—irruentis
893 3459 934 3512 P.
965 3463 1010 3510 ‘aa
1026 3469 1107 3519 11111

63 3547 174 3586 emersa
192 3533 346 3601 cunctaque
366 3530 398 3587 T.
473 3538 509 3592 2⁷
530 3534 561 3593 et
580 3550 633 3593 ora.
656 3533 691 3592 T.
765 3538 806 3589 ‘tt
822 3529 953 3588 ineditae
967 3527 1012 3580 P.

104 3626 193 3668 1111111
208 3629 343 3675 71111111.
950 3617 975 3666 'l
