2414 3826
414 161 531 218 ORTUS
550 160 773 219 ALEXANDRI.
1055 163 1099 226 45

84 348 125 393 ac
148 325 303 390 firmitate
326 327 513 408 congestos,
535 325 727 408 praesertim
751 324 890 410 undique
912 324 1099 389 fluminibus

85 413 360 496 convallantibus,
385 416 423 477 ut
445 435 612 478 murorum
635 435 761 498 quoquc
783 414 929 498 ipsorum
953 414 1034 478 haec
1057 416 1101 478 sit

84 505 182 568 firma
200 501 355 585 muniti03
379 500 483 566 aditus
502 523 598 587 porro
617 505 731 567 tenues
751 503 956 588 angustique,
980 502 1100 587 quique

85 591 273 678 agminibus
297 590 494 655 militaribus
517 589 688 656 inviabiles
715 596 812 676 atque
840 592 925 656 exim
953 591 1101 656 occursui

85 679 259 767 perfaciles
278 678 468 744 habeantur.
501 677 600 744 Cuius
620 679 748 763 quidem
767 680 814 744 rei
831 681 902 763 ipse
920 680 1127 765 periculums

85 770 207 835 certius
229 769 377 853 fecerim,
405 768 553 852 quamvis
580 767 643 832 huc
670 790 768 833 manu
795 790 911 854 parva,
939 790 1005 833 non
1028 790 1101 834 con-

86 861 224 943 gregato
248 856 393 922 exercitu
414 877 639 922 commearem.
678 856 853 922 Enimvero
873 857 953 922 haec
976 861 1026 923 est
1045 858 1101 922 illa

87 948 222 1012 deorum
246 946 394 1030 aequitas
418 966 456 1010 ac
478 944 694 1029 providentia,
718 948 754 1009 ut
776 967 845 1028 vos,
869 947 925 1029 qui
949 969 988 1010 ex
1010 947 1102 1011 uber-

86 1040 157 1100 tate
188 1038 295 1100 terrae
328 1033 524 1118 praecluatis
558 1036 655 1118 atque
687 1033 739 1098 his
771 1033 960 1099 fluminibus
993 1034 1102 1099 obval-

86 1123 217 1202 lemini,
253 1144 366 1188 eorum
402 1122 592 1187 violentiam
629 1122 793 1206 sentiatis,
836 1123 892 1207 qui
932 1123 998 1187 ista
1034 1144 1101 1187 non
1115 1144 1141 1186 ιο

87 1213 242 1279 habeant.
291 1210 417 1296 Quippe
447 1211 488 1275 ad
515 1211 599 1275 hanc
628 1212 829 1294 opulentiam
856 1233 964 1276 rerum
995 1211 1023 1276 si
1052 1211 1102 1276 vis

87 1322 217 1389 quoque
245 1303 279 1365 et
306 1300 447 1365 militare
475 1300 568 1365 vobis
597 1300 786 1366 exercitium
815 1300 984 1384 adfuisset,
1012 1301 1104 1365 nulla

87 1391 234 1475 profecto
259 1410 339 1475 gens
361 1389 459 1471 foret,
487 1410 570 1473 quae
593 1389 718 1454 duabus
741 1390 830 1454 hisce
852 1390 1004 1455 fortunae
1027 1389 1104 1455 viri·

88 1481 151 1545 bus
179 1479 336 1544 obviaret.
386 1476 448 1542 Est
475 1476 577 1560 igitur
604 1479 652 1542 ita
679 1481 798 1544 natura
826 1479 1038 1563 descriptum,
1067 1482 1104 1543 ut

89 1568 145 1652 qui
172 1567 238 1632 ista
265 1587 374 1632 rerum
402 1566 569 1650 opulentia
599 1568 665 1631 sint
695 1567 824 1651 donati,
853 1567 940 1632 idem
971 1570 1104 1632 careant
1118 1587 1143 1629 15

89 1655 216 1721 bellicis
240 1655 375 1743 viribus,
398 1658 435 1719 ut
458 1654 486 1718 si
511 1655 587 1739 quid
610 1656 670 1738 illi,
695 1657 751 1740 qui
776 1656 873 1721 armis
897 1660 930 1721 et
953 1657 1104 1721 manibus

89 1746 270 1830 indulgent,
293 1744 331 1808 de
352 1744 421 1808 solo
440 1743 576 1827 genitali
594 1744 796 1828 indigebunt,
820 1746 860 1810 ab
882 1745 1105 1810 huiuscemodi

90 1833 307 1899 adfluentibus
330 1831 465 1916 petant?
511 1831 610 1897 Hisce
639 1833 734 1897 dictis
762 1834 864 1918 exigit
886 1835 1035 1916 protinus
1064 1836 1105 1898 ab

89 1923 279 2008 Aegyptiis,
306 1927 344 1986 ut
367 1920 523 2007 quidquid
550 1921 631 1985 illud
653 1943 811 2005 pensuros
839 1942 908 1985 sese
932 1920 1033 1986 Dario
1056 1943 1106 1985 re-

92 2013 268 2097 cepissent,
300 2010 333 2074 id
364 2010 494 2075 sibimet
523 2010 693 2092 inferrent,
727 2010 812 2094 quod
842 2010 972 2092 quidem
1003 2031 1040 2073 eo
1072 2030 1105 2073 se
1120 2029 1146 2067 ao

90 2105 202 2186 petere
225 2102 364 2164 testatus
388 2103 453 2182 est,
470 2120 538 2164 non
560 2101 598 2162 ut
621 2097 738 2182 opibus
758 2097 824 2163 suis
844 2097 987 2163 indidem
1005 2098 1106 2162 incre-

92 2189 196 2254 menti
214 2188 338 2272 aliquid
351 2191 530 2273 pareretur,
549 2185 711 2252 enimvero
730 2191 767 2252 ut
785 2186 998 2252 exstruendae
1018 2187 1107 2251 urbis

91 2278 179 2342 foret
211 2277 396 2343 substantia
428 2277 563 2360 largior.
611 2274 708 2339 Haud
741 2280 931 2342 cunctanter
962 2277 996 2340 in
1027 2277 1108 2341 haec

92 2366 249 2451 Aegyptii
282 2366 503 2450 obsequuntur
533 2364 680 2449 datisque
709 2366 855 2450 pecuniis
886 2369 918 2432 et
948 2367 1108 2432 honorata

94 2455 286 2521 deductione
317 2476 376 2538 per
405 2453 571 2519 Pelusium
603 2459 831 2539 properantem
865 2456 951 2522 votis
983 2457 1148 2540 pariterue

94 2549 225 2610 atvero
251 2564 360 2608 amore
383 2547 631 2628 prosequuntur.

185 2631 243 2698 35.
271 2632 396 2698 Rursus
419 2631 522 2717 igitur
544 2636 674 2716 recepto
699 2633 788 2696 omni
812 2633 954 2698 exercitu
978 2637 1011 2698 et
1055 2636 1166 2693 XXXV.

94 2721 130 2786 in
158 2718 270 2805 Syrias
297 2721 412 2786 itinere
440 2721 603 2787 destinato
631 2721 727 2786 urbes
756 2743 824 2804 eas,
850 2743 909 2805 per
937 2743 1017 2804 quas
1045 2722 1109 2787 sibi
1128 2720 1173 2774 39.

94 2811 255 2876 transitus
278 2808 378 2894 foret,
405 2809 532 2875 nomini
560 2832 618 2876 suo
648 2809 751 2893 addit3
781 2809 865 2874 unde
893 2809 981 2873 mille
1009 2811 1110 2875 etiam

187 3043 201 3091 1
222 3054 255 3092 ac
273 3053 324 3093 om.
344 3037 376 3092 P.
463 3044 479 3092 2
499 3038 722 3094 convellentibus
744 3038 777 3091 P.
869 3037 969 3092 ticcio
987 3054 1005 3091 α
1023 3037 1112 3092 verbis

98 3107 211 3174 ‘aditus
238 3109 339 3179 porro’
368 3126 437 3178 quac
461 3125 546 3179 usque
571 3110 608 3165 ad
632 3110 713 3176 finem
738 3110 821 3165 lucius
847 3110 947 3179 sumtis
975 3109 1112 3178 tenuatur,

96 3181 196 3236 ducat
214 3181 246 3235 in
264 3180 296 3236 P.
352 3180 516 3235 4occursui
534 3187 561 3238 T.
588 3196 705 3234 occursu
722 3182 758 3236 A.
819 3185 939 3235 tmanu
957 3196 1046 3250 parva
1064 3185 1111 3234 etc.

97 3252 134 3319 cf.
152 3253 215 3307 ait.
234 3268 295 3321 cop.
310 3254 354 3306 33.
392 3255 593 3321 congregatum
613 3251 765 3307 exercitum
784 3257 811 3307 T.
892 3257 906 3305 7
927 3266 1112 3306 commearem

71 3338 149 3381 .om.
168 3328 196 3379 T.
220 3362 222 3367 .
252 3321 404 3377 8deorum
422 3329 449 3376 T.
476 3338 526 3377 om.
545 3323 581 3377 A.
638 3327 671 3376 14
690 3322 731 3378 ita
748 3329 776 3376 T.
802 3339 852 3378 oon.
872 3322 908 3377 A.
965 3327 997 3375 15
1018 3321 1067 3390 qui
1084 3328 1112 3375 T.

98 3393 162 3463 quis
181 3393 217 3450 A.
255 3393 354 3448 donati
372 3399 398 3448 T.
426 3393 531 3449 donata
549 3394 584 3448 A.
690 3399 723 3448 17
743 3395 777 3448 de
796 3400 885 3449 onaT
931 3394 966 3448 ab
985 3394 1113 3449 huiusce·

98 3463 177 3519 modi
195 3471 222 3519 T.
249 3463 444 3519 huiuscemodi
462 3465 497 3520 A.
571 3470 605 3521 22
624 3467 738 3538 paretur
756 3472 789 3523 T.
861 3520 868 3528 .

184 3535 232 3590 35.
259 3540 296 3588 27
311 3540 426 3608 recepto
446 3537 527 3597 AP.
555 3543 636 3600 recto
654 3546 686 3598 T.
