2414 3826
396 167 514 224 corus
532 167 757 227 maranum.
1028 169 1070 257 93

59 332 244 398 Alexander
263 331 349 415 ades,
372 331 429 417 qui
452 331 532 396 adeo
550 330 687 396 nihilum
705 351 854 396 reverens
872 331 977 397 nostri
996 353 1071 396 con·

58 420 272 487 fidentissime
291 418 469 506 loqueris?
493 440 684 503 responsum
704 419 829 507 accepit
851 440 921 485 sese
943 418 1071 504 quidem

57 511 296 576 internuntium
320 529 401 593 esse,
423 509 508 572 enim
531 529 590 592 pro
609 508 682 593 ipso
701 507 887 574 Alexandro
910 510 959 573 uti
981 530 1071 592 prae·

60 602 153 664 sente
176 597 267 683 loqui
291 600 449 680 oportere.
495 595 630 679 Accepit
651 596 733 662 haec
755 596 875 664 Darius
899 596 988 662 diota
1010 597 1071 663 ole-

57 687 200 753 mentius
225 690 267 768 et,
290 683 489 769 ‘Quoniam'
513 684 629 769 inquit,
655 683 755 751 ‘more
778 685 952 770 legationis
974 684 1098 750 huiusa

55 798 98 840 ne
122 773 307 840 Alexander
330 773 460 859 quidem
484 795 574 838 secus
597 774 791 858 honoratur,
815 775 857 839 ad
880 774 1072 840 sacrificium

56 864 134 929 hinc
167 886 204 929 ao
230 863 381 946 deinceps
412 862 453 927 ad
481 861 665 927 convivium
693 861 941 928 convertamur.'
991 861 1073 928 Post

58 953 139 1017 haeo
164 952 251 1016 dicta
276 972 349 1016 oum
374 972 489 1015 manus
515 972 572 1015 rex
595 948 781 1016 Alexandro
807 949 1073 1034 adprehendisset
1137 974 1140 978 ⁴

58 1046 158 1124 atque
186 1042 219 1104 in
248 1039 372 1124 regiam
400 1039 540 1123 ingressi
562 1038 683 1122 forent,
711 1038 744 1103 id
772 1059 898 1122 quoque
926 1039 991 1104 sihi
1018 1060 1072 1102 au·

57 1129 184 1213 spicato
215 1127 286 1193 fieri
314 1126 499 1192 Alexander
526 1127 705 1192 arbitratus
735 1131 798 1211 est,
828 1127 914 1210 quod
943 1126 1112 1192 volentem

57 1238 136 1302 rege
153 1217 187 1280 in
209 1216 277 1281 eius
291 1217 416 1301 regiam
430 1215 655 1281 deducebatur.
692 1213 798 1301 Igitur
815 1215 873 1281 ubi
891 1218 1020 1299 tempus
1073 1221 1134 1278 XV.

57 1304 215 1371 coenandi
237 1304 308 1388 fuit,
330 1326 449 1390 rexque
469 1304 619 1370 accubuit
638 1305 800 1388 ceterique
824 1304 999 1369 secundum
1024 1326 1073 1369 or·

57 1394 167 1459 dinem
191 1393 370 1478 dignitatis,
393 1397 430 1459 ut
452 1393 519 1458 illis
542 1415 612 1458 mos
638 1396 716 1477 erat,
740 1393 938 1478 discubuere,
964 1392 1073 1458 adver·
1189 1409 1198 1417 ·

58 1504 131 1548 sum
160 1485 271 1546 tamen
299 1480 436 1546 Darium
465 1503 601 1547 coenare
632 1481 834 1547 sedentarius
863 1483 970 1547 iussus
999 1482 1073 1547 Ale-

57 1570 181 1635 xander
203 1570 327 1636 honore
346 1570 447 1655 legati
466 1571 611 1640 omnium
630 1571 741 1636 oculos
760 1571 799 1650 Ain
822 1592 857 1635 se
880 1570 973 1636 facile
997 1593 1072 1636 con·
1087 1591 1113 1633 re

57 1659 215 1725 vertebat.
267 1656 470 1742 Quamquam
498 1660 584 1724 enim
614 1659 705 1724 breui
733 1680 868 1743 corpore
897 1682 1001 1746 neque
1032 1660 1072 1726 ad

57 1747 223 1813 Persicam
246 1747 506 1831 magnitudinem
528 1747 705 1813 haberetur
727 1784 772 1794 -
794 1748 939 1833 plerique
966 1748 1071 1813 ferme

58 1835 251 1902 auctiusouli
277 1838 353 1900 sunt
373 1873 427 1915 —,
453 1841 565 1901 tamen
593 1839 627 1900 et
648 1836 703 1902 filo
727 1836 794 1901 oris
818 1840 851 1902 et
874 1836 1073 1920 reliquorum

57 1925 278 1990 membrorum
306 1925 373 1990 situ
402 1924 600 1989 admirabilis
627 1924 809 1990 visentibus
837 1927 915 1990 erat.
966 1922 1075 2008 Igitur

58 2013 207 2079 convivio
237 2013 303 2078 iam
337 2013 530 2097 procedente
565 2011 723 2076 eiusmodi
754 2012 830 2095 quid
863 2011 970 2077 facere
1001 2010 1073 2076 Ale·
1087 2033 1113 2073 20

58 2101 218 2166 xandrum
237 2101 333 2167 subit.
369 2100 525 2167 Poculum
550 2100 645 2185 enim,
668 2103 705 2164 ut
727 2100 876 2184 quodque
900 2099 941 2164 ad
964 2098 1073 2165 biben-

58 2190 136 2255 dum
164 2193 345 2274 acceperat,
371 2191 428 2254 ubi
457 2189 655 2272 strinxisset,
682 2211 740 2254 vas
767 2188 875 2273 ipsum
902 2189 937 2253 in
966 2189 1073 2254 sinum

60 2279 123 2344 sibi
156 2278 292 2344 condere
325 2281 422 2364 atque
459 2282 496 2344 ut
533 2277 702 2363 proprium
735 2281 887 2361 coeperat
919 2278 1072 2344 detinere.

60 2366 154 2444 Quod
177 2367 233 2432 ubi
256 2389 276 2432 a
298 2367 455 2432 ministris
478 2369 549 2452 re'gi
572 2371 623 2434 est
643 2366 832 2451 indicatum,
854 2367 1016 2434 incertum
1039 2368 1073 2434 id

59 2456 255 2521 damnumne
274 2477 316 2520 an
335 2457 566 2521 contumeliam
582 2460 674 2522 ratus
697 2456 931 2542 insurgensquc
951 2456 1072 2523 Darius
1087 2478 1113 2520 aa

60 2543 224 2629 ‘Ecquid'
246 2544 360 2627 inquit,
385 2542 463 2609 ‘hoc
486 2550 545 2629 est,
569 2545 655 2629 quod
678 2546 795 2630 pocula
813 2546 875 2612 hoc
894 2545 1073 2612 furatrinae

59 2653 177 2717 genere
201 2631 381 2697 avertistil'
424 2632 487 2699 Sed
509 2634 567 2699 ubi
590 2634 629 2698 de
651 2638 744 2700 motu
767 2634 911 2718 corporis
930 2632 1073 2698 Alexan·
1113 2640 1117 2646 '

59 2721 117 2787 der
144 2721 318 2806 intellexit,
348 2721 425 2807 quid
451 2722 485 2786 in
508 2722 609 2788 Dario
633 2722 825 2787 mobilitatis
853 2720 954 2787 animi
980 2721 1074 2803 foret,

62 2809 179 2874 -hac
198 2810 285 2874 enim
304 2831 342 2874 ex
361 2831 458 2876 causa
477 2810 510 2875 id
528 2810 700 2876 consilium
719 2811 956 2895 exsequebatur
970 2808 1073 2874 -Ὃ

58 2896 143 2982 rex,'
171 2898 233 2981 ait,
261 2898 400 2964 ‘morem
423 2903 514 2965 ratus
541 2899 595 2964 hio
618 2918 745 2981 quoque
769 2896 945 2963 Alexandri
968 2897 1074 2962 nostri
1088 2923 1114 2965 ao

60 2987 185 3052 servari
214 2987 261 3072 id,
289 2987 375 3072 quod
408 2988 493 3072 apud
525 2989 656 3053 nostros
690 2986 875 3070 didiceram,
904 2990 1073 3053 exsecutus

61 3097 146 3159 sum3
171 3076 288 3160 quippe
312 3076 362 3141 illi
386 3076 591 3142 liberalitatis
610 3075 691 3140 haec
709 3075 815 3141 forma
838 3078 895 3160 est,
918 3075 968 3141 uti
986 3075 1074 3160 prin·

120 3367 123 3373 .
150 3326 350 3391 tresponaum
370 3322 429 3376 Mr.
453 3321 622 3391 respondam
643 3321 677 3376 P.
755 3324 771 3374 5
790 3337 866 3378 more
884 3321 991 3391 saepti.
1015 3335 1074 3375 mo·

60 3408 120 3448 rem
143 3392 178 3448 P.
250 3398 320 3447 dne
342 3394 407 3449 add.
431 3391 532 3447 Ebcrt.
611 3394 841 3448 'lconvertamur
864 3394 923 3448 Mr.
951 3395 1074 3448 reverta·

60 3463 177 3588 {ffb
226 3468 258 3518 18
277 3463 324 3519 filo
344 3464 400 3519 Mr.
429 3463 488 3518 filio
510 3463 544 3522 P.
608 3469 645 3518 ‘m
661 3480 681 3520 a
696 3462 840 3520 ministris
856 3465 924 3518 Ma.
947 3463 994 3515 aa
1004 3459 1124 3512 nmmo
