2414 3826
386 181 515 238 OBITUS
534 181 758 238 ALEXANDRI.
1015 184 1077 249 149

65 345 104 410 de
132 345 200 409 eius
230 343 328 407 exitio
357 344 561 428 consultetis,
590 346 686 410 modo
715 349 752 411 ut
780 368 837 411 vos
866 348 992 431 gratiae
1015 369 1079 412 me·
1103 325 1116 349 ’

65 455 172 499 mores
202 437 526 517 remuneraturosque
558 435 593 499 in
625 439 792 519 posterum
825 436 907 500 mihi
940 458 997 501 vos
1031 458 1078 501 se-

64 523 140 588 dulo
165 519 385 606 promittatis?
424 520 521 586 Sedet
544 523 677 606 sponsio
701 523 916 590 adolescentis
940 528 973 589 et
996 522 1078 590 Oan-

64 613 142 676 dace
166 610 316 694 protinus
344 611 468 674 inventi
491 612 695 696 prudentiam
719 612 948 678 demirabatur.
994 613 1076 678 Rur-

64 722 183 784 susque
215 704 352 764 secreto:
383 698 552 782 ‘Utinam,
582 698 767 766 Alexander
796 702 857 786 mi,
887 706 919 766 te
950 723 1104 787 quoques

11 840 16 852 .
64 790 165 854 velles
191 787 424 853 adnumerum
447 789 530 853 mihi
554 788 670 854 addere
689 790 845 855 filiorum!
887 790 966 867 Quis
991 793 1077 856 enim

64 879 192 943 dubitet
225 880 303 941 tunc
335 876 464 941 demum
498 877 568 942 fore
599 874 779 943 Candaoem
816 879 904 943 orbis
935 880 1078 946 universi
1180 871 1182 878 ⁸

63 968 226 1052 reginam,
255 966 282 1029 si
305 965 382 1029 talis
408 987 534 1050 quoque
558 971 662 1031 mater
685 967 745 1031 lilii
768 971 897 1050 putaret
883 968 958 1032 tur?
1004 967 1078 1054 Ego

63 1058 129 1121 iam
158 1055 252 1119 credo
281 1075 347 1118 non
374 1057 408 1117 te
436 1055 510 1138 plus
539 1055 626 1120 ferro
650 1056 703 1120 vel
717 1052 865 1140 proeliis
894 1079 993 1140 quam
1015 1056 1078 1122 hae

63 1151 122 1210 ιιιι
145 1148 214 1208 tam
239 1143 358 1208 celebri
381 1143 529 1227 prudent
520 1167 553 1208 ιι
571 1165 635 1229 gen
636 1145 723 1209 tibus
743 1167 838 1228 praes
840 1146 957 1211 titisse.
995 1143 1077 1248 Con·
1093 1167 1118 1208 ro

58 1234 159 1298 *firmo
179 1232 281 1318 igitur
299 1232 362 1297 tibi
380 1253 492 1297 rursus
513 1234 645 1297 eandem
666 1233 755 1297 illam
774 1234 870 1299 fidem
890 1233 1077 1318 sponsionis
1142 1237 1143 1241 ’

62 1343 155 1386 meae
184 1343 286 1405 neque
314 1326 362 1405 te,
389 1324 500 1386 utres
524 1327 589 1407 est,
616 1323 815 1388 noscendum
840 1324 980 1407 cuipiam
1004 1346 1077 1407 pro·
1176 1378 1178 1382 .

62 1407 203 1475 fitebor.'

154 1497 212 1562 42.
241 1499 330 1582 Ergo
354 1503 431 1583 post
453 1521 573 1582 paucos
597 1499 769 1564 admodum
794 1500 862 1566 dies
885 1500 1076 1585 digredienti
1096 1511 1141 1562 66.

63 1590 120 1653 dat
146 1588 302 1652 secretius
329 1609 476 1653 munera:
506 1609 657 1653 coronam
684 1611 816 1654 auream
847 1590 1074 1655 adamantibus
1090 1609 1116 1650 ιι

63 1680 286 1743 coruscantem
305 1698 438 1759 prorsus
457 1699 494 1741 ac
513 1672 542 1740 si
561 1678 694 1761 regiam,
712 1678 879 1743 thoracam
894 1678 1018 1743 varium
1038 1700 1077 1742 ex

63 1766 240 1830 unionibus
271 1765 487 1850 beryllisque,
517 1765 722 1849 chlamydem
753 1766 852 1831 etiam
880 1789 1075 1850 purpuream

63 1856 286 1938 intentamque
315 1876 407 1936 aure,
438 1855 564 1937 aliaque
592 1858 761 1939 praeterea
789 1876 861 1919 cum
888 1855 1075 1920 testimonio

63 1944 206 2030 publice,
230 1963 311 2027 quae
336 1942 376 2006 ad
400 1942 579 2007 satellitem
602 1945 815 2026 pertinerent,
842 1943 995 2026 iubetque
1018 1943 1075 2006 ho-

64 2034 185 2096 minem
216 2031 329 2095 deduci
360 2053 397 2096 eo
431 2035 464 2095 et
496 2053 596 2115 per
587 2035 735 2115 satrapas
766 2031 972 2115 vicissimque
1002 2052 1117 2116 pro-so

63 2122 130 2186 fect
116 2125 186 2185 tum
210 2121 373 2203 repedare,
398 2142 461 2272 quo
485 2125 626 2185 venerat.
604 2119 770 2184 tUbi
761 2119 862 2204 igitur
887 2119 981 2183 adid
1022 2124 1121 2180 XXIV.

63 2211 128 2276 loci
152 2209 337 2273 Alexander
360 2210 461 2287 venit,
491 2230 570 2292 quas
595 2206 777 2274 Candaules
806 2208 836 2272 ei
864 2208 997 2273 deorum
1023 2207 1076 2272 do·
1158 2255 1176 2285 «,

63 2322 136 2363 mus
165 2319 237 2362 esse
266 2288 451 2361 confessus
461 2304 524 2380 est,
554 2303 663 2380 sperat
690 2319 786 2381 posse
815 2298 883 2362 illio
912 2298 974 2362 sibi
1002 2319 1074 2400 cum

63 2388 125 2451 diis
152 2387 395 2451 immortalibus
425 2386 523 2452 verba
549 2387 635 2468 fiere,
666 2409 705 2451 ex
729 2388 953 2541 praesentium
983 2387 1076 2471 copia

61 2477 197 2561 opipare
240 2474 441 2540 sacrificatus
480 2475 601 2539 ibidem
643 2477 897 2561 convivatusque
944 2477 1077 2542 adhibet
1089 2496 1116 2537 ιι

62 2566 162 2630 etiam
187 2586 225 2628 ex
250 2564 421 2629 comitibus
446 2586 543 2648 quam
566 2566 789 2667 paucissimos.
830 2566 884 2631 Int
870 2570 959 2630 terea
977 2566 1077 2629 inter-

61 2655 172 2719 venire
192 2652 349 2738 quasdam
368 2654 546 2718 formarum
572 2654 696 2738 effigies
714 2639 804 2718 videt
826 2655 917 2718 tenui
937 2655 1076 2737 quidem,

153 2844 272 2900 lexitio
292 2845 328 2899 A.
357 2845 415 2899 exit
415 2862 434 2897 n
403 2845 484 2899 tP.
545 2845 861 2911 2remuneraturosque
881 2845 957 2899 Mai.
984 2861 1076 2898 remu-

59 2918 231 2984 neratosque
241 2916 276 2970 A.
295 2920 543 2982 renumeratosque
556 2917 590 2970 P.
628 2922 643 2970 3
664 2916 749 2970 Sedet
762 2916 870 2984 screbat.
895 2913 944 2969 sed
960 2918 988 2969 et
998 2915 1032 2969 A.
1041 2917 1074 2970 P.

60 2986 248 3042 adolescentis
266 2988 383 3055 scropsi;
402 2986 515 3056 sponsio
536 2985 707 3040 adolescenti
721 2986 754 3040 P.
783 2986 959 3055 sponsionem
981 2986 1076 3040 adole-

60 3074 139 3112 scens
150 3059 185 3112 A.
229 3063 245 3111 ι
265 3059 402 3111 secretum
412 3057 443 3112 P.
489 3063 503 3112 'l
523 3058 581 3112 fore
597 3056 753 3112 Candacem
762 3057 798 3112 A.
818 3057 876 3111 fere
896 3056 1022 3111 Candaoe
1041 3056 1075 3110 P.

60 3127 157 3209 8Ego
176 3131 212 3183 A.
241 3129 316 3198 Ergo
337 3129 371 3182 P.
409 3129 497 3182 9hac
517 3131 567 3181 tua
585 3131 644 3183 tam
664 3127 768 3182 celebri
786 3127 937 3197 prudentie
949 3129 983 3182 P.
1011 3134 1076 3182 actu

59 3198 147 3255 etiam
167 3199 285 3254 celebris
303 3199 524 3268 prudentieeA.
570 3206 601 3254 11
622 3201 705 3255 fidem
724 3216 774 3254 om.
794 3199 826 3253 P.
874 3203 953 3253 l2te
973 3215 1022 3253 om.
1043 3199 1075 3253 P.

79 3271 192 3326 rofiteor
211 3271 242 3326 P.

58 3291 77 3341 p
150 3340 198 3396 42.
219 3348 250 3396 15
271 3358 385 3397 auream
404 3358 454 3395 om.
476 3342 510 3395 P.
554 3347 585 3395 16
604 3343 699 3395 toraca
720 3341 753 3395 P.
799 3346 832 3395 19
850 3340 1022 3409 pertinerent
1040 3340 1075 3394 A.

59 3413 185 3466 facerent
203 3413 235 3467 P.
293 3419 326 3466 21
346 3412 482 3481 repedare
501 3429 551 3467 om.
571 3413 603 3466 P
640 3429 694 3480 quo
714 3413 749 3465 A.
758 3412 792 3468 P.
817 3411 908 3465 unde?
966 3418 1007 3464 ιδ.
1021 3410 1084 3460 dits.

58 3483 267 3538 immortalibus
286 3484 321 3538 A
347 3483 565 3539 demonibusP.
598 3483 664 3539 beri
682 3484 795 3540 addidi
841 3487 884 3536 ‘ub
902 3475 1112 3547 sedium?

56 3555 166 3620 opinari
182 3555 216 3606 A
293 3561 329 3611 27
347 3555 505 3613 formarem
529 3558 564 3615 P.
596 3576 650 3616 oro
673 3557 712 3614 A.
