2414 3826
404 184 534 241 OBITUS
552 184 773 241 Auuxuuuffl.
1031 187 1096 251 125

79 351 190 415 culum
222 352 451 432 properarent,
484 347 604 412 Philon
638 347 761 414 scilicet
795 353 829 414 et
860 349 1096 433 Hephaestion,

79 438 235 504 Craterus
255 459 384 523 quoque
403 438 561 524 multique
581 437 646 519 alii,
669 438 798 503 obstitit
816 438 934 504 Philon
958 460 995 503 ac
1013 441 1096 523 peri·

80 530 190 594 culum
220 526 301 590 illud
332 526 484 592 visendae
513 526 670 590 novitatis
701 549 767 591 non
798 527 938 611 primum
969 551 988 592 a
1018 548 1095 613 rege
1150 567 1152 570 >

78 616 273 699 faciendum,
293 637 405 680 verum
425 637 444 679 a
463 636 498 679 se
511 614 608 680 modo
623 615 753 699 suisque
772 616 943 700 similibus,
962 617 1096 682 suadere

79 705 236 790 persistit.
290 703 417 789 Quippe
448 703 588 786 amplius
618 703 742 787 aliquid
771 704 805 768 in
836 704 925 769 hisce
954 706 1130 790 regioni-e

80 797 142 858 bus
165 792 417 870 formidandum,
440 792 474 856 in
499 792 616 876 quibus
640 792 813 857 viderimus
837 793 1006 858 hominum
1030 794 1095 859 for·

80 905 153 947 mas
176 882 215 945 de
239 885 412 964 conspectu
430 884 544 946 nostro
563 879 658 945 facile
681 882 858 967 evanuisse,
880 903 944 946 neu
968 882 1096 966 siquid

83 993 177 1036 secus
201 973 299 1054 atque
327 973 364 1034 ut
391 974 601 1053 speraverant
621 969 892 1052 incommodaret,
920 971 990 1034 eius
1013 972 1096 1054 peri·

79 1061 147 1126 culi
175 1060 270 1123 fieret
299 1058 338 1122 de
368 1078 445 1143 rege
475 1058 679 1142 principium.
732 1055 808 1123 Sese
841 1059 942 1143 igitur
974 1059 1096 1124 iturum

80 1170 153 1214 esse
176 1148 348 1213 confirmat
370 1169 417 1231 ac,
441 1147 470 1211 si
493 1147 673 1232 exploratio
698 1148 916 1226 secundaeset,
938 1151 1016 1211 tunc
1040 1147 1135 1212 de-1o

80 1260 170 1302 mum
193 1259 253 1301 nos
276 1240 353 1300 tuto·
370 1257 467 1320 posse
490 1235 720 1301 transmittere.
764 1291 776 1307 ,

173 1324 229 1390 le.
254 1323 351 1390 Sedet
374 1327 535 1389 sententia
553 1325 787 1409 persuadentis,
811 1329 907 1410 atque
930 1325 977 1389 ita
999 1325 1092 1390 iussi·
1111 1333 1161 1386 26.

80 1437 155 1479 mus
182 1414 262 1480 fieri.
308 1411 501 1478 Conscensis
530 1434 607 1498 ergo
635 1415 773 1478 navibus
801 1414 952 1498 protinus
979 1415 1027 1480 ire
1055 1415 1094 1479 ad

79 1504 222 1568 insulam
241 1502 388 1585 tendunt,
411 1524 493 1585 quae
512 1503 659 1587 quamvis
678 1506 812 1587 propter
838 1504 969 1568 obviare
992 1504 1095 1568 oculis

79 1592 254 1675 videretur,
277 1591 317 1655 ad
341 1592 488 1674 integrae
507 1591 605 1655 horae
625 1596 736 1663 tamen
760 1592 901 1674 spatium
925 1609 1136 1676 eonsump-1o

79 1685 193 1746 serant
224 1680 418 1765 navigando.
464 1679 607 1744 Tandem
640 1684 716 1744 sunt
747 1680 810 1745 visi
843 1681 969 1746 insulae
1003 1681 1095 1746 insti·

80 1769 171 1833 tisse.
222 1767 284 1832 Sed
311 1768 368 1832 ubi
397 1772 524 1853 gestum
552 1772 614 1851 est,
644 1789 739 1832 omne
767 1768 800 1833 id
829 1770 934 1833 solum
963 1774 1096 1852 repente

79 1878 148 1921 uua
169 1879 242 1922 cum
266 1857 344 1921 viris
370 1861 403 1922 et
426 1857 607 1941 sepulchro,
630 1856 715 1941 qued
742 1858 922 1939 visebatur,
951 1858 1097 1921 submer-

82 1946 148 2011 sari
179 1945 261 2010 mari
289 1951 321 2010 et
352 1946 386 2009 in
413 1945 573 2029 profundo
601 1944 670 2008 labi
698 1945 932 2028 conspicamur.
982 1944 1096 2028 Neque

80 2034 170 2099 euim
200 2057 284 2099 vana
313 2034 453 2099 formido
484 2033 619 2098 ludebat
656 2034 766 2097 oculos
795 2033 1136 2118 intremiscent-inmas

80 2124 245 2188 enimvero
274 2123 332 2188 illa
360 2122 507 2187 Philonis
535 2144 622 2187 mors
655 2124 688 2186 et
721 2122 854 2186 exitium
883 2142 1011 2201 eorum,
1041 2124 1097 2206 qui

81 2235 147 2277 una
173 2211 344 2277 Philonem
376 2210 524 2276 comitati
558 2213 647 2292 sunt,
679 2210 795 2277 fuerat.
846 2209 964 2274 Territi
996 2209 1098 2295 igitur

80 2300 268 2365 detestabili
296 2303 400 2365 morte
431 2300 592 2365 sociorum
619 2299 790 2384 indigenas
819 2298 975 2365 barbaros
1002 2300 1097 2364 rima-

81 2391 207 2473 bamur,
231 2389 354 2472 siquid
374 2388 526 2453 nobisde
549 2389 664 2453 itinere
688 2390 919 2455 consultarent.
956 2389 1002 2453 At
1020 2412 1096 2455 vero

81 2478 191 2542 nullus
214 2477 342 2560 uspiam
361 2478 485 2560 visitur,
508 2478 651 2562 locisque
676 2477 812 2545 desertis
836 2482 869 2543 et
891 2477 1096 2564 inhospitali·
1110 2499 1137 2540 aa

82 2568 144 2631 bus
167 2588 225 2650 per
249 2569 323 2632 octo
346 2566 498 2650 posthinc
520 2567 685 2632 immorati
713 2569 782 2632 dies
811 2568 937 2652 egimus
961 2569 1096 2633 consilio

72 2655 316 2721 confirmando.
362 2656 444 2719 Tum
472 2655 506 2719 in
533 2655 592 2720 illo
615 2658 853 2740 promuntorio,
882 2657 972 2721 cuius
998 2678 1097 2739 supra
1114 2666 1163 2718 27.

80 2743 171 2809 facta
194 2747 244 2807 est
267 2743 400 2828 mentio,
423 2743 561 2808 bestiam
585 2767 714 2828 quoque
737 2746 876 2809 vidimus
901 2745 1098 2828 praegrandi

175 2991 398 3058 1properarunt
419 2989 451 3042 P.
480 2988 547 3043 filou
567 2990 602 3042 A.
630 2989 749 3043 efestion
766 2988 802 3041 A.
862 2987 1041 3041 2cratherus
1060 2988 1097 3042 A.

82 3059 164 3142 phio
184 3062 216 3114 P.
280 3059 557 3116 eineommodarent
574 3060 610 3113 A.
666 3058 790 3128 {rigitur
807 3057 912 3113 iturum
930 3059 966 3112 A.
995 3058 1097 3112 iterum

82 3132 223 3258 lgmulii:
244 3207 277 3256 13
296 3203 332 3284 ad
350 3200 441 3284 inopie
460 3200 501 3254 ire
523 3201 556 3256 P.
612 3203 759 3285 Iontamen
777 3203 813 3283 A.
837 3180 946 3255 tantum
966 3200 999 3254 P.
1033 3216 1098 3254 con-

83 3275 243 3398 tiuua
260 3272 515 3400 uetuerit
534 3271 1045 3424 ...¹5siccae.e..1t.¹ht
1063 3273 1098 3397 t:

84 3419 119 3468 23
139 3415 274 3469 barbaras
299 3414 333 3469 P.
370 3414 542 3468 rimabamur
563 3416 671 3485 scripsi.
708 3415 846 3468 rlmabam
870 3415 945 3469 A.P.
1018 3420 1057 3466 ‘24
1075 3415 1104 3464 si

81 3484 212 3611 331sz
268 3492 303 3542 26
321 3485 464 3540 immorati
483 3487 541 3560 Mr,
564 3485 760 3542 immemorata
780 3486 859 3542 AR.
904 3490 944 3536 vn
957 3483 1071 3534 &nahe
1084 3480 1132 3526 Y·
