2414 3826
415 210 533 268 ORTUS
551 210 774 269 ALEXANDRI.
1055 214 1098 277 53

86 371 199 437 Pellae
229 394 267 437 ac
296 370 507 438 Macedoniae
538 396 664 439 secessu
696 375 863 441 audaciam
894 377 985 439 tuam
1014 374 1100 440 inter

86 460 253 545 proximos
285 461 474 535 iactitarcs‘?
533 461 708 529 Enimvero
740 486 878 550 usurpas
911 468 944 527 et
975 465 1100 548 regium

86 570 205 614 nomen
246 553 278 614 et
319 554 518 635 congregata
559 552 621 615 tibi
658 553 698 617 ad
736 553 925 618 societatem
968 552 1099 617 sceleris

86 638 241 721 parilium
277 640 519 723 conspiratione
552 639 682 705 hostem
718 646 750 706 te
786 643 891 706 nostri
927 641 1099 725 profiteris,

87 726 139 790 cui
163 748 260 810 quarn
282 728 380 812 longe
403 728 622 810 praestantius
645 729 730 794 foret
757 729 790 794 id
814 730 899 795 inter
921 728 1097 794 Graeculos
1119 751 1133 791 5

86 814 246 896 iactitare,
270 838 350 900 quos
371 813 513 880 Graecos
531 816 599 880 lere
617 822 654 881 ut
672 818 803 882 inutiles
822 840 880 882 nec
898 818 1100 884 necessarios

85 902 259 968 Persarum
283 925 384 989 regna
407 926 474 968 non
497 908 664 988 quaerunt
710 905 769 971 Sat
795 907 897 991 igitur
919 906 1025 971 habeo
1048 908 1100 971 vel

79 992 299 1056 hortantum
322 993 559 1077 imprudentiae
579 994 825 1084 signumhquod
848 999 939 1058 ratus
962 1015 1023 1058 nos
1046 1016 1099 1058 ve-

87 1081 244 1145 stratibus
273 1082 395 1145 similes
423 1082 487 1147 huc
517 1081 721 1148 contendisti.
772 1082 857 1159 Quin
887 1103 964 1167 ergo
993 1086 1100 1148 errata

86 1169 211 1254 corrige
230 1190 289 1233 neo
308 1169 407 1234 addas
425 1169 611 1234 huiusmodi
629 1171 828 1236 facinoribus
855 1171 1140 1238 incrementum.1o

85 1257 149 1322 Est
167 1258 252 1322 enim
270 1258 350 1323 seire
364 1279 435 1344 nos,
454 1258 571 1342 quibus
587 1259 719 1324 deorum
734 1260 857 1344 pariter
877 1263 909 1324 et
927 1259 1100 1343 prudentia

86 1350 119 1411 et
139 1345 281 1430 dignitas
296 1347 399 1430 favet,
421 1348 563 1430 peccatis
587 1349 658 1412 istis
677 1351 715 1413 ut
731 1349 900 1413 hominum
920 1347 1100 1415 subvenire.
1170 1369 1174 1377 ·

86 1433 210 1500 Censeo
229 1434 340 1518 igitur,
358 1438 396 1499 ut
417 1436 614 1501 adorandum
637 1437 828 1522 merenies,
850 1459 891 1501 ne
915 1442 1029 1502 contra
1051 1437 1099 1502 in-

86 1525 267 1606 obsequens
291 1545 428 1607 poenam
452 1546 512 1609 pro
536 1525 631 1590 venia
653 1526 817 1612 merearis.
862 1524 954 1602 Quod
977 1528 1014 1590 ut
1036 1526 1099 1590 tibi

85 1616 192 1676 ratum
217 1612 273 1695 sit,
300 1611 411 1677 Iovem
440 1612 511 1678 iuro
539 1618 573 1677 et
599 1619 750 1698 parentes
778 1636 867 1680 meos
896 1636 1026 1679 omnem
1048 1615 1097 1680 tui
1112 1633 1139 1675 15

85 1700 236 1764 iniuriam
260 1701 408 1783 protinus
432 1723 449 1765 e
472 1723 545 1766 mec
569 1706 699 1787 pectore
722 1701 943 1768 recessuram?

174 1786 234 1855 43.
280 1789 325 1853 Et
356 1789 436 1854 haec
474 1790 603 1874 quidem
640 1793 760 1874 scripta
795 1793 882 1877 regis
914 1791 1176 1856 AlexandchLI.

85 1878 218 1962 legerat.
264 1878 361 1942 Enim
383 1879 518 1942 ulterius
546 1900 612 1943 non
635 1880 757 1962 verbis,
786 1878 841 1943 sed
864 1879 973 1964 gladio
999 1899 1097 1962 agen·
1117 1872 1164 1923 52.

89 1965 163 2030 darn
191 1987 260 2029 rem
287 1970 378 2031 ratus
409 1989 468 2051 per
490 1967 649 2032 Arabiam
678 1965 852 2032 exercitum
882 1966 969 2032 ducit
1002 1971 1099 2050 atque

85 2055 120 2118 in
144 2076 297 2139 aequore,
325 2055 411 2139 quod
440 2055 583 2139 agendae
611 2055 657 2119 rei
682 2055 896 2138 opportunius
919 2053 1099 2138 videbatur,
1112 2075 1140 2115 ao

86 2144 189 2207 aciem
218 2143 369 2208 extendit.
421 2143 491 2220 Qua
518 2144 666 2226 inspecta
693 2142 812 2207 Darius
842 2165 933 2226 spem
959 2142 1098 2226 primam

86 2252 219 2316 eamque
243 2233 293 2296 vel
317 2233 491 2297 maximam
519 2234 553 2296 in
576 2232 706 2297 falcatis
735 2233 880 2298 curribus
908 2232 1015 2317 ponit,
1043 2234 1100 2317 qui

85 2324 121 2383 ut
148 2320 276 2385 facilius
306 2321 408 2385 aciem
438 2321 583 2385 hostium
606 2321 820 2403 incursarent,
849 2344 868 2386 a
895 2323 996 2386 latere
1024 2344 1099 2387 con-

86 2408 243 2474 locantur.
293 2408 355 2474 Sed
384 2409 417 2473 id
448 2410 619 2474 consilium
649 2409 766 2476 Persae
796 2410 888 2476 disioi
916 2411 1099 2477 Alexander

85 2497 212 2561 facilius
237 2499 389 2581 opinatus
408 2498 645 2563 incurrentibus
665 2500 811 2564 curribus
835 2521 892 2583 per
915 2501 1001 2564 acies
1018 2501 1097 2584 pha·
1112 2518 1138 2560 2⁵

85 2587 263 2671 longasque
292 2586 401 2651 locum
424 2587 578 2652 transitui
602 2588 700 2671 pandi
723 2587 882 2672 praedicit
904 2589 1037 2671 tumque
1065 2589 1099 2652 in

176 2729 321 2778 leeceesu
340 2730 367 2779 Τ.
401 2741 477 2779 sessu
496 2726 531 2780 A.
565 2741 638 2780 essee
658 2725 681 2780 si
700 2726 732 2780 P.
806 2731 960 2795 tusurpas
984 2729 1013 2782 et
1031 2726 1097 2781 nP.

84 2795 280 2864 usurpassent.
293 2797 348 2863 (sse
362 2797 394 2850 iu
408 2796 514 2864 litura).
551 2801 569 2849 4
587 2796 715 2865 palilium
726 2796 762 2850 A.
783 2794 1019 2864 conspirationem
1031 2803 1058 2852 r.
1065 2796 1097 2854 P.

84 2866 343 2934 opraestantiusr.
364 2866 539 2935 praestantia
548 2866 624 2922 AP.
663 2872 678 2920 6
693 2865 808 2921 inutiles
818 2882 869 2920 nec
879 2867 1053 2921 necessarios
1063 2866 1097 2923 P.

83 2934 198 2992 inutiles
217 2934 389 2991 necessarios
403 2937 440 2991 A.
468 2936 582 2992 inutiles
601 2937 800 2992 necessarior.
857 2942 890 2991 10
910 2937 1027 3006 corrigis
1045 2955 1098 2992 nec

84 3007 134 3061 dae
153 3013 181 3062 r:
214 3005 339 3077 corriges
362 3023 413 3061 nec
435 3006 484 3061 des
504 3008 535 3062 P.
610 3013 642 3061 11
661 3007 742 3062 nobis
763 3023 897 3077 cupersan
922 3007 969 3062 vel
990 3025 1041 3063 nos
1061 3010 1096 3063 A.

84 3076 163 3132 nobis
183 3079 253 3132 r.P.
292 3083 325 3131 12
344 3076 468 3133 istiuer.
508 3084 540 3132 13
559 3077 647 3148 igitur
665 3079 787 3133 utA.P.
817 3078 891 3133 enim
905 3085 932 3133 2.
970 3079 1097 3135 ncA.P.

83 3155 176 3202 neor.
229 3154 262 3203 15
281 3147 325 3203 tui
338 3149 416 3203 ΑΡ.
445 3148 499 3203 tibi
513 3155 540 3204 r.
594 3153 774 3204 1000011.
811 3149 996 3220 recessuram]
1016 3151 1048 3205 iu
1062 3151 1097 3204 A.

83 3235 218 3288 superero.
237 3220 284 3274 vel
301 3235 486 3274 recenserem.

173 3290 221 3345 411.
257 3297 289 3344 17
309 3307 358 3344 rex
376 3289 534 3344 Alexander
553 3290 587 3344 P.
625 3296 659 3345 20
678 3291 753 3358 quod
771 3307 902 3360 superarer.
921 3291 969 3346 vel
986 3308 1042 3359 quo
1061 3293 1096 3345 A.

84 3366 117 3414 22
138 3376 256 3428 eamque
270 3361 307 3415 A.
316 3360 350 3414 P.
375 3377 493 3429 meaque
509 3367 536 3417 r.
592 3367 625 3415 23
646 3362 766 3416 collocat
780 3362 812 3415 P.
863 3369 897 3417 24
917 3361 1012 3416 dissici
1026 3362 1095 3416 M.

84 3430 194 3486 dissicit
209 3432 242 3486 P.
294 3437 328 3485 26
349 3431 479 3500 opinatus
494 3438 521 3485 r.
554 3431 716 3501 inopinatus
730 3433 766 3487 A.
774 3433 808 3489 P.
862 3440 895 3488 26
914 3435 1014 3487 locum
1029 3433 1108 3485 Ar.

83 3503 146 3558 loco
165 3508 192 3556 1¹.
219 3502 306 3570 pandi
325 3501 400 3558 ΑΡ.
433 3502 536 3574 prendi
554 3519 626 3562 corr.
645 3520 679 3562 cor
696 3503 855 3577 prandit.
882 3498 1134 3575 praedicau-

73 3574 220 3640 praeceprt
236 3573 270 3628 P.
