2414 3826
401 144 521 202 ORTUS
539 143 762 201 ALEXANDRI.
1047 148 1087 210 17

70 308 203 394 ligenda
221 308 287 373 tale
301 308 482 391 perieulum
501 308 680 374 exstiterat.
712 308 840 393 Quippe
856 329 929 374 eum
942 310 1088 394 plerique

71 401 183 464 essent
201 397 261 462 filii
277 417 393 482 regum
411 402 444 462 et
464 397 659 480 optimatum
672 396 811 482 nobiles,
829 398 1026 482 singillatim
1047 400 1087 464 ab

69 487 124 552 his
155 484 335 551 sententias
365 484 561 566 rimabatur,
592 485 706 569 ecquid
737 485 800 551 sibi
829 487 964 571 quisque
992 488 1088 571 polli-

71 578 208 659 ceretur,
229 574 372 641 simodo
392 573 433 638 ad
451 593 587 658 regnum
606 574 694 658 patri
712 574 906 641 succederet.
938 573 1087 661 Aliisque

70 685 164 748 opes,
192 662 267 727 aliis
296 663 436 748 gratiam
464 661 704 747 dignitatesque
733 663 950 746 amplissimas
978 665 1114 729 verbise

68 752 251 818 laxioribus
274 750 518 834 pollicentibus,
546 750 602 816 ubi
626 752 667 816 ad
690 752 867 817 Alexandri
891 754 1086 818 sententiam

69 845 206 907 ventum
225 843 284 924 est,
303 843 340 904 ut
357 840 438 924 ipse,
458 841 486 904 si
504 839 588 904 foret
607 862 734 924 quoque
747 840 892 925 Philippi
911 864 1087 925 successor,

71 951 169 1014 super
191 928 302 993 futuro
327 929 550 1012 profiteretur:
578 925 693 994 ‘Haud
721 929 869 1013 equidem
897 931 1002 1013 mihi,'
1032 932 1087 1016 eit,

71 1018 119 1084 ‘ut
143 1039 163 1082 a
186 1017 332 1101 sapiente
354 1018 419 1082 ista
442 1017 522 1082 haee
546 1018 709 1082 sententia
732 1018 860 1082 sederit.
897 1017 946 1082 De
967 1019 1086 1084 futuris

71 1107 159 1172 enim
182 1106 392 1171 instabilibus
416 1109 450 1170 et
472 1105 605 1171 incertis
627 1107 726 1171 fixam
745 1105 849 1190 dicere
869 1107 1084 1190 sponsionem,
1101 1128 1127 1167 ιο

71 1194 211 1261 errantis
230 1197 282 1259 est
300 1195 513 1279 benignitatis
533 1197 566 1259 et
581 1194 713 1278 flabilis,
732 1217 806 1260 cum
825 1195 961 1260 crastini
980 1199 1086 1261 ratum

70 1286 191 1371 pignus
212 1284 322 1348 nullus
341 1283 436 1348 facile
454 1284 645 1367 possederit.
686 1283 781 1349 Dabo
804 1283 867 1349 tibi
889 1287 977 1369 tune,
1001 1285 1087 1369 quod

72 1377 104 1438 et
126 1373 267 1438 facultas
291 1375 324 1437 et
346 1376 475 1456 tempus
498 1371 705 1439 hortabitur?
746 1372 870 1439 Probat
891 1373 1086 1438 Aristoteles

72 1461 326 1528 benivolentiam
349 1461 616 1546 circumspectam
640 1464 672 1526 et
695 1460 831 1547 ‘Heve,'
854 1462 970 1548 inquit,
995 1461 1085 1528 ‘sane

35 1628 40 1638 ¹
70 1555 108 1616 tu
138 1571 194 1614 rex
223 1549 370 1634 profecto
400 1551 561 1616 mundane
592 1572 666 1616 cum
695 1551 759 1615 isto
789 1551 979 1634 prudentiae
1009 1555 1086 1616 tuae
1100 1571 1126 1613 ιε

73 1637 237 1725 pignorel’
275 1637 384 1723 Atque
402 1639 482 1704 haee
506 1640 535 1703 ei
555 1638 662 1704 fuerat
681 1639 843 1705 sententia
862 1640 900 1704 de
920 1640 1087 1725 magistro.

71 1727 117 1792 At
153 1748 229 1792 vero
265 1727 362 1811 vulgo
400 1730 437 1791 ut
474 1728 529 1812 qui
564 1729 707 1812 percitus
744 1731 777 1793 et
813 1729 845 1793 vi
880 1730 998 1794 mentis
1037 1751 1086 1793 oa-

72 1816 192 1881 lentior
219 1815 418 1900 habebatur,
448 1818 593 1900 quamvis
623 1839 696 1882 eum
723 1815 896 1900 Philippus
926 1819 992 1881 iam
1020 1816 1087 1882 sin-

73 1905 177 1970 cerius
201 1905 458 1988 amplecteretur.
506 1904 647 1969 Videbat
675 1906 761 1969 enim
784 1906 915 1987 plenam
942 1906 1085 1970 indolem

71 1994 199 2060 martiis
219 1992 385 2058 desideriis
403 1994 648 2079 regalibusque3
671 2015 709 2058 eo
734 1992 985 2057 admordebatur
1004 1994 1084 2077 solo,
1098 2015 1124 2055 ao

72 2082 159 2168 quod
181 2081 264 2146 nihil
288 2082 326 2146 de
350 2105 384 2148 se
408 2083 501 2147 vultu
525 2087 558 2146 et
580 2080 792 2147 similitudine
817 2082 1029 2146 mutuaretur.

161 2167 244 2235 Oum
266 2171 367 2256 igitur
390 2172 543 2256 pleraque
572 2192 610 2234 ex
632 2169 698 2252 his,
726 2190 806 2254 quae
837 2170 871 2234 in
900 2170 1084 2235 studentem

72 2262 166 2342 pater
182 2259 307 2344 largius
324 2260 519 2342 conferebat,
536 2259 606 2343 ipse
625 2281 751 2343 quoque
767 2258 965 2325 liberalitate
979 2262 1084 2325 trans-

73 2348 245 2432 scriberet,
273 2347 432 2414 Zeuxidos
461 2349 645 2431 cuiusdam,
674 2369 737 2414 aon
765 2349 899 2414 celebris
926 2349 1015 2415 illius
1044 2347 1085 2414 ad

72 2437 283 2593 ltttttt’
308 2437 933 2611 titt?ptllllltt‘ttllptlt
946 2439 1085 2592 titt
1099 2456 1126 2497 ²⁵

73 2614 247 2699 plurimam
270 2613 357 2681 dicit.
399 2615 426 2680 Ε
450 2637 485 2679 re
509 2621 560 2680 est
583 2615 665 2682 seire
688 2637 745 2680 vos
769 2636 816 2698 ea,
840 2635 922 2698 quae
945 2616 1084 2680 Alexan-

73 2702 131 2768 dro
161 2703 348 2788 destinatis,
378 2726 444 2769 non
471 2704 520 2768 illi
551 2704 590 2769 ad
620 2703 707 2789 frugi
737 2703 916 2768 custodiam
943 2703 1086 2787 retineri,

161 2953 315 3017 tregnum
333 2947 367 3001 P.
409 2950 474 3002 3et
491 2949 559 3017 quid
578 2948 610 3003 Ρ.
650 2952 800 3017 toperam
820 2947 851 3001 Τ.
889 2938 1032 3001 9istheeo
1054 2947 1085 3001 Τ.

74 3017 179 3073 sederit
197 3019 230 3074 P.
256 3018 366 3073 videret
386 3020 416 3075 T.
491 3026 522 3074 11
543 3018 638 3074 fabilis
657 3019 688 3073 P.
723 3018 845 3072 erastino
867 3017 901 3071 P.
972 3023 1004 3071 12
1023 3017 1086 3071 nul-

72 3088 132 3144 lum
151 3090 184 3146 P.
216 3089 271 3144 tibi
289 3091 322 3146 P.
341 3093 437 3146 tamen
457 3091 488 3144 T.
532 3096 565 3146 15
583 3090 657 3145 istuc
676 3090 709 3146 P.
749 3095 782 3144 16
801 3088 828 3144 ei
847 3104 897 3144 om.
919 3088 951 3144 Τ.
989 3093 1021 3143 l'l
1041 3089 1086 3141 Ad

71 3176 153 3215 verso
175 3161 206 3217 Τ.
239 3162 363 3231 percitus
381 3163 411 3216 et
431 3162 462 3215 Τ.
489 3160 628 3231 spurcitus
647 3178 681 3216 ea
699 3160 732 3215 P.
771 3166 804 3214 18
823 3158 951 3228 quamvis
970 3175 1034 3213 eum
1056 3159 1086 3214 Τ.

73 3248 158 3355 quam
177 3231 239 3300 quis
260 3231 296 3286 P.
338 3238 371 3287 19
391 3232 560 3302 plecteretur
580 3232 614 3288 P.
643 3231 769 3286 indolem
786 3230 966 3299 regalemque
986 3230 1017 3283 Τ.
1045 3229 1086 3282 in·

93 3303 167 3357 olem
194 3302 281 3357 marti
308 3301 352 3357 -i-
380 3302 527 3359 desideriis
552 3302 712 3373 regalisque
738 3302 769 3357 P.
807 3307 916 3358 secutus
942 3316 1003 3355 sum
1028 3300 1085 3355 Mr.

73 3378 108 3428 20
127 3389 216 3443 eoque
237 3374 267 3429 Τ.
336 3380 369 3428 21
390 3373 603 3429 similitudinem
625 3373 659 3429 P.
727 3380 762 3428 23
781 3371 983 3428 transcriberet
1003 3369 1085 3427 douo.

72 3444 299 3499 transscenderet
313 3445 386 3502 Keil.
409 3445 579 3503 transsiliret
593 3445 695 3502 Ebert.
729 3449 770 3500 ‘lt
786 3443 939 3500 cuiusdam
950 3442 988 3496 ’1.
1008 3458 1101 3506 open·

73 3515 136 3568 dam
154 3516 187 3568 13
214 3531 271 3569 non
288 3519 379 3587 suppl.
400 3519 460 3576 Mr.
537 3525 572 3580 21
590 3517 618 3576 E
636 3537 669 3580 re
689 3535 742 3579 ott.
765 3519 802 3577 P.

109 3610 197 3652 Icarus
214 3613 347 3659 Venturos.
951 3608 978 3656 ‘t
