2414 3826
123 174 169 238 44
558 171 668 227 LIBER
685 171 706 228 I.

123 337 225 402 militi
244 335 315 419 fuit,
339 335 458 420 quippe
482 334 524 399 ob
543 335 688 400 locorum
708 337 741 399 et
759 333 887 399 itineris
906 333 1144 398 difficultatem.

127 424 245 490 Omnes
268 428 378 489 tamen
402 423 544 502 adcolae,
567 444 630 508 qua
648 422 843 508 perrexisset
861 422 1054 506 Alexander,
1077 445 1145 488 una

127 535 200 579 cum
224 512 286 577 diis
310 513 506 596 deorumque
530 511 711 577 simulacris
734 511 961 597 religiosisque
981 513 1145 595 operatio·

127 603 222 667 nibus
256 602 387 668 obviam
419 621 555 685 pergere
587 600 805 682 festinabant,
837 600 997 665 iuniorem
1029 597 1147 665 Seson-

102 690 252 756 sohosim
278 689 469 774 praedicant
470 711 513 754 es.
559 687 666 764 Quare
694 710 766 754 cum
794 688 963 774 Memphin
991 689 1147 772 venisset,

127 779 296 844 inductum
316 800 388 843 enm
407 779 442 843 in
462 777 608 842 aedemt
593 779 815 862 templumque
831 777 969 844 Vulcani
987 778 1147 862 Aegyptii

127 868 220 953 regni
247 870 338 933 veste
369 866 525 954 dignitati
554 870 691 932 suntet
720 867 801 931 sella
826 888 864 932 ao
892 866 1053 932 sessibula
1085 866 1148 930 dei

129 956 212 1021 Tum
244 956 291 1021 ibi
323 955 571 1021 Alexanderst
557 959 682 1020 tatuam
715 954 876 1041 quandam
909 955 1005 1039 nigro
1038 953 1146 1038 lapide
1166 967 1201 1018 37

129 1047 275 1110 intuetur
302 1067 375 1111 cnm
403 1045 462 1110 illa
490 1066 587 1128 super
613 1043 697 1110 Nect
698 1045 804 1108 anabo
833 1044 1097 1128 inscriptione,
1088 1066 1147 1108 1m-

90 1156 116 1196 10
130 1138 313 1218 peratorem
345 1133 468 1199 scilicet
497 1155 584 1215 eum,
614 1133 669 1216 qui
699 1132 779 1218 fuga
806 1132 949 1197 indidem
978 1132 1149 1214 abfuisset,

130 1244 242 1286 rursus
275 1224 463 1306 Aegyptum
495 1225 719 1302 reventurum,
751 1243 818 1286 non
851 1222 1028 1306 seniorem,
1061 1221 1149 1285 enim

130 1311 306 1393 iuniorem,
339 1330 474 1394 eumque
505 1308 574 1374 fore
604 1311 668 1375 loci
697 1309 787 1375 illius
816 1309 963 1377 hostium
994 1309 1148 1395 subiuga·

131 1404 245 1463 torem.
292 1397 410 1463 Statim
435 1397 535 1482 igitur
559 1399 671 1483 scripti
694 1398 790 1464 istius
819 1420 934 1464 causas
958 1399 1149 1484 diligentius

132 1487 259 1571 quaerit
282 1486 445 1571 refertque
468 1508 674 1571 responsum,
696 1487 782 1552 hunc
804 1487 898 1552 illum
921 1486 1150 1553 Nectanabum

92 1596 118 1637 15
132 1574 248 1658 fuisse,
278 1576 333 1660 qui
356 1575 586 1640 infestantibus
609 1575 731 1658 Persis,
759 1598 833 1642 cum
862 1576 996 1642 deorum
1018 1577 1150 1641 monitu

132 1664 362 1746 praescivisset
379 1664 528 1728 fortunae
552 1684 629 1728 suae
648 1665 786 1748 lapsum,
809 1665 918 1730 locum
941 1687 1074 1730 casuum
1096 1665 1149 1729 de-

133 1752 293 1817 clinasset.
346 1752 431 1816 Tum
462 1774 532 1817 sese
563 1753 794 1837 quaerentibus
826 1754 951 1818 civibus
982 1753 1150 1818 oraculum

134 1841 259 1926 datum,
287 1841 373 1926 quod
401 1840 461 1906 sub
490 1841 549 1905 illa
578 1844 688 1907 statua
715 1842 887 1926 legeretur.
937 1841 1046 1927 Igitur
1074 1841 1148 1906 Ale-

132 1931 254 1994 xander
272 1930 323 1995 his
339 1929 459 1995 auditis
473 1930 598 1996 involat
617 1930 728 1995 statim
747 1931 783 1995 iu
801 1933 930 1996 statuae
945 1930 1149 2014 complexum

94 2041 121 2082 ro
136 2041 173 2084 ac
196 2023 365 2104 parentem
390 2020 525 2102 salutat,
554 2019 687 2103 eiusque
716 2041 750 2084 se
772 2018 877 2085 filium
900 2019 1085 2105 profitetur,
1114 2022 1151 2083 ut

135 2111 368 2194 congrueretur
391 2108 431 2173 de
453 2108 663 2193 responsione
687 2129 759 2172 cum
779 2129 836 2192 spe
855 2108 1076 2173 Alexandrum
1096 2109 1149 2173 de-

60 2215 61 2218 ’
134 2197 334 2262 mirantium.
1064 2274 1067 2280 Ι

225 2282 283 2349 34.
311 2283 435 2348 ‘Unum
459 2288 570 2349 tamen
599 2284 680 2349 mihi
704 2284 742 2349 de
766 2284 897 2350 civitate
920 2288 1029 2350 vestra
1052 2285 1149 2350 mira·
1169 2303 1201 2355 35

136 2372 208 2436 culo
233 2370 303 2451 est,'
328 2373 384 2456 ait,
407 2371 532 2457 ‘ecquid
556 2374 605 2438 vis
629 2373 769 2438 barbara
792 2373 945 2439 adversus
964 2374 1151 2440 huiusmodi

95 2480 122 2521 rs
137 2482 246 2524 muros
278 2461 422 2544 potuerit
454 2461 617 2545 obtinere,
654 2483 735 2546 quos
773 2483 882 2528 coram
919 2485 1016 2528 cerno
1053 2484 1152 2547 supra

136 2547 351 2614 humanarum
375 2571 528 2614 manuum
552 2550 739 2615 violentiam
763 2551 1003 2635 pulchritudine
1026 2552 1151 2636 pariter

226 2758 468 2815 3simulacrisT.
498 2760 637 2814 simulatis
660 2761 695 2814 A.
805 2765 822 2812 4
847 2760 1040 2816 sesonchosim
1065 2767 1093 2815 T.
1122 2777 1152 2814 se

137 2832 212 2885 sorte
236 2830 279 2884 sui
297 2830 334 2885 A.
444 2836 460 2885 6
479 2832 579 2886 aedem
597 2837 625 2884 T
633 2831 668 2885 P.
702 2831 803 2886 eadem
825 2847 894 2888 corr.
917 2833 950 2887 iu
973 2832 1092 2886 eandem
1113 2834 1150 2885 A.

136 2901 252 2971 Aegipti
275 2901 344 2957 TA.
424 2901 642 2986 TdignitatiT.
672 2901 805 2971 dignatae
828 2905 864 2957 A.
898 2904 929 2958 iu
952 2919 1037 2972 mars.
1062 2903 1151 2958 odser.

138 2990 155 3025 a
179 2977 339 3027 correctore:
364 2972 448 3027 vele
489 2974 542 3042 ptii
564 2972 644 3043 regni
667 2975 746 3028 veste
772 2973 888 3042 dignum
914 2990 977 3029 eum
1005 2975 1152 3027 duxerunt.

137 3041 321 3097 sessibuloT.
352 2989 488 3098 sessiblid
498 3044 534 3098 A.
642 3044 837 3100 8Alexander
858 3052 967 3100 can.
996 3044 1118 3113 lapide
1110 3061 1153 3098 m·

137 3115 233 3168 tuetur
251 3131 301 3168 om.
320 3120 347 3171 T.
427 3121 460 3170 10
479 3114 616 3170 abfuisset
633 3116 668 3170 A.
677 3115 711 3170 P.
740 3114 886 3170 fuissetT.
961 3121 993 3170 13
1013 3131 1098 3170 causa
1118 3116 1193 3170 P.-

138 3189 172 3238 16
191 3185 347 3240 declinasse
371 3186 405 3243 P.
516 3190 548 3240 18
566 3186 666 3247 datum
690 3186 747 3241 Mr.
777 3187 859 3242 datur
882 3187 917 3242 A.
926 3187 957 3241 P.
996 3185 1067 3240 Tum
1093 3202 1153 3240 esse

138 3256 338 3323 quaerentibus
357 3257 408 3312 civ.
429 3272 501 3312 orac.
522 3258 571 3311 dat
559 3260 620 3311 tum
641 3257 736 3328 Geyer.
823 3258 883 3313 19
875 3276 904 3312 1n
923 3259 1034 3313 addidet
1052 3257 1152 3312 Sublec.

137 3327 172 3393 cf.
188 3331 297 3410 pm,
308 3333 350 3382 14.
446 3333 479 3383 21
500 3331 667 3396 congrueret
685 3329 718 3386 P
751 3330 783 3384 ut
801 3331 988 3399 congruerent
1005 3328 1093 3383 verba
1111 3345 1154 3383 re-

138 3397 296 3466 sponsionis
315 3417 377 3454 cum
396 3416 445 3469 spe
465 3399 559 3470 Geyer.

224 3469 273 3524 84
303 3476 339 3523 23
355 3418 540 3525 mirliculoT
570 3470 736 3526 miraculum
755 3473 789 3526 A.
796 3471 827 3526 P.
920 3478 955 3526 24
974 3475 1003 3526 et
1022 3471 1098 3539 quod
1116 3471 1153 3525 A.

114 3530 322 3591 huiuscemodi
338 3541 373 3593 P.
451 3547 487 3598 25
506 3544 646 3615 potuerat
664 3543 701 3600 A.
739 3542 893 3600 coramP.
921 3558 1018 3596 curam
1036 3543 1072 3594 A.
