2414 3826
148 240 212 305 112
562 236 735 292 menam.

145 408 318 487 utrumque
340 405 499 484 vestrum,
523 399 732 466 ofortissimi
755 400 892 486 milites,
914 401 1010 485 quive
1033 421 1162 466 mecum

63 534 65 539 .
147 492 340 557 Macedones
354 491 418 555 hue
431 489 576 574 venistis,
596 488 692 573 quive
705 487 824 554 Persae
843 489 968 573 experti
985 489 1161 574 imperium

95 649 96 652 ,
146 583 223 664 post
254 579 425 645 victoriam
455 599 541 643 nuno
573 577 656 642 mihi
686 577 915 643 commilitium
951 578 1162 662 profitemini.

147 668 253 754 Igitur
274 669 309 732 in
333 689 504 733 commune
526 666 620 732 vobis
644 664 766 731 dictum
792 665 855 732 hoo
878 665 1051 751 habente,
1074 667 1162 751 quod

120 758 178 822 osi
205 779 256 822 me
285 757 390 822 solum
417 756 464 821 ire
492 756 527 820 in
549 754 647 820 Indos
676 776 852 840 eorumque
880 755 967 821 bella
994 755 1163 840 decrestis,

147 845 267 910 faciam
297 845 331 910 id
363 844 493 929 quidem
525 842 705 928 intrepidus
743 865 780 908 ec
812 843 928 911 libens.
981 842 1161 910 Enimvero

146 955 248 998 unum
268 934 470 1019 admoneam,
489 931 576 1019 quod
599 932 705 997 adtest
690 932 818 1017 temini,
839 931 923 996 nihil
942 954 1012 998 esso
1031 933 1162 1017 mirum,

148 1023 177 1087 si
205 1023 245 1087 ad
272 1023 323 1088 fut
308 1026 383 1088 tura
412 1044 539 1108 quoque
561 1020 749 1086 discrimina
779 1021 908 1086 solus'
899 1043 946 1086 1re
971 1022 1162 1108 compellar,

147 1133 222 1177 cum
240 1112 404 1195 prioribus
428 1133 555 1197 quoque
580 1110 669 1176 solus
693 1109 794 1174 animi
814 1109 934 1175 virtute
957 1110 1163 1176 subiecerim.

107 1222 134 1264 ro
238 1199 272 1268 2
309 1200 421 1283 Neque
445 1199 527 1264 mihi
549 1202 600 1264 eat
623 1197 773 1277 arduum,
796 1196 987 1264 Macedones
1012 1199 1086 1284 mei,
1110 1211 1205 1266 ιιι-3.

39 1342 43 1348 .
148 1288 222 1353 dem
245 1289 412 1354 consulere
434 1309 529 1372 nunc,
553 1286 670 1372 quibus
694 1309 754 1352 vos
776 1287 915 1352 rectos
905 1310 941 1352 m
962 1287 1047 1353 hane
1070 1289 1163 1355 solus

147 1378 388 1461 possessionem
411 1376 569 1441 victoriae
593 1375 752 1460 duxerim,
776 1377 846 1441 sola
873 1375 974 1441 ferme
1002 1398 1079 1442 cura
1101 1378 1163 1443 im·

147 1465 314 1547 peratoria
336 1464 481 1529 militans
509 1465 544 1529 in
571 1462 674 1547 hisce,
703 1486 783 1548 quas
811 1463 1005 1531 confecerim
1032 1467 1163 1552 expedi·

146 1552 268 1637 tiones,
304 1553 370 1617 nisi
398 1553 483 1618 forte
517 1553 605 1618 istud
639 1575 659 1618 a
692 1575 744 1619 me
776 1553 987 1638 adrogantius
1018 1577 1057 1620 ae
1093 1576 1164 1622 non

108 1640 254 1706 roverius
278 1641 399 1706 dictum
423 1663 492 1707 esse
515 1642 691 1726 miremini,
719 1663 793 1707 cum
819 1643 1079 1727 unumquodvis
1102 1645 1162 1711 im-

148 1730 348 1813 peratorium
384 1731 515 1815 sapiens
551 1730 755 1815 prudensque
796 1733 980 1797 consultum
1015 1738 1165 1816 praestet

148 1840 282 1884 manum
316 1820 493 1885 multorum
526 1819 744 1886 inconsultius
778 1820 1006 1886 laborantium.
1061 1821 1163 1889 Reco-

148 1908 295 1992 gnoscite
323 1909 425 2011 igitur
448 1909 570 1994 pariter
593 1913 626 1974 et
648 1911 827 1993 recensete,
855 1931 897 1973 an
919 1931 978 1975 vos
1007 1932 1164 1994 umquam

149 1997 383 2063 subficeret
324 2001 383 2083 pot
385 1998 530 2064 uisseto
495 1998 634 2063 ottillis
654 1997 745 2061 Darii
764 1997 895 2062 milibus
919 2020 956 2062 ae
975 1999 1070 2064 fortit
1071 2000 1162 2066 udini

107 2087 321 2171 reputantis,
350 2109 431 2172 quae
455 2108 516 2188 ego
539 2088 690 2171 princeps
715 2107 841 2169 semper
864 2086 959 2151 milit
935 2090 1000 2151 trae
1023 2088 1162 2155 laboris·

148 2197 210 2259 que
245 2198 371 2260 semper
406 2177 516 2241 dux
506 2198 542 2240 ιιι
577 2175 751 2259 proeliis'
741 2176 942 2260 insuperavi,
975 2175 1039 2240 nisi
1076 2176 1162 2243 forte

149 2264 221 2329 aliis
245 2264 511 2329 addubitantibus
535 2263 789 2347 timentibusque
819 2265 985 2348 egomet
969 2287 1044 2366 ipse
1073 2265 1162 2352 lega·

147 2353 270 2416 tionem
288 2353 353 2416 mei
376 2352 461 2435 apud
477 2353 612 2417 Darium
635 2352 741 2417 facere
764 2352 920 2434 dubitavi,
942 2353 1007 2417 nisi
1031 2355 1162 2439 uspiam

148 2460 199 2502 me
224 2443 429 2505 cunctantem
453 2444 510 2505 aut
532 2441 703 2505 residem
693 2462 728 2504 ιιι
750 2441 874 2524 proelio
899 2441 1049 2506 denott
982 2444 1049 2507 ttas
1050 2442 1088 2508 is.
1128 2442 1163 2509 si

108 2548 135 2588 aa
150 2547 227 2611 ergo
255 2527 349 2592 vobis
379 2527 543 2593 istasunt
568 2528 673 2593 amica
698 2529 846 2612 consilia,
875 2530 925 2595 uti
953 2530 1081 2597 deserto
1111 2554 1162 2598 me

149 2615 287 2681 solitarii
307 2616 346 2680 ad
366 2615 591 2682 Macedoniam
608 2616 780 2700 repedetis,
798 2617 843 2681 ite
863 2640 951 2682 sane:
975 2619 1083 2684 libens
1104 2642 1161 2687 vos

148 2706 232 2770 votis
252 2705 503 2790 properantibus
517 2727 705 2790 prosequar,
723 2706 820 2771 modo
836 2706 864 2771 si
878 2708 1030 2773 concordi
1051 2711 1160 2776 animo

147 2793 181 2858 id
203 2794 308 2860 faeere
331 2795 466 2880 possitis
498 2816 602 2879 neque
626 2795 818 2860 dissidentes
846 2795 881 2859 in
904 2797 993 2860 nulla
1016 2799 1162 2880 pericula

148 2884 378 2968 prolabamini,
407 2907 445 2950 ex
469 2885 541 2968 quis
564 2883 658 2949 facile
681 2884 823 2948 noscatis
847 2906 976 2949 omnem
1000 2888 1161 2952 exereitus

107 2992 134 3034 eo
149 2971 313 3038 fortunam
337 2977 433 3058 atque
452 2974 606 3039 virtutem
625 2973 802 3038 consistere
821 2974 855 3036 in
875 2974 982 3038 animo
1002 2976 1161 3058 sapientis

148 3061 374 3145 imperatoris’
417 3061 479 3127 His
499 3062 616 3127 auditis
640 3061 726 3126 haud
751 3061 846 3126 dubie
870 3067 1001 3128 cunctos
1027 3065 1160 3146 [pudor]

147 3294 153 3301 .
237 3254 376 3309 4habeto
396 3255 431 3310 Β.
504 3254 616 3310 obella
634 3270 684 3310 om.
705 3253 779 3309 RB.
808 3255 903 3309 decret
904 3255 982 3309 isA.

237 3323 267 3380 2.
301 3329 336 3379 13
354 3325 450 3380 hisP
513 3332 546 3380 14
564 3343 597 3380 ac
617 3342 673 3380 non
691 3323 784 3381 verius
803 3342 853 3382 om
873 3326 906 3381 P.
969 3332 1002 3381 19
1021 3328 1066 3383 ιοι
1086 3330 1160 3385 Mai.

149 3396 181 3450 ut
198 3395 256 3449 illis
275 3395 337 3451 dari
355 3398 390 3452 A.
423 3399 455 3450 ut
443 3395 532 3451 tillia
552 3395 623 3450 darii
644 3396 678 3453 P.
716 3394 845 3452 fortitudi
864 3396 900 3451 A.
977 3403 1012 3453 20
1032 3417 1106 3468 uqae
1127 3399 1161 3453 P.

149 3481 206 3534 que
223 3467 258 3522 A.
319 3473 352 3521 21
374 3486 425 3538 sup
427 3467 505 3523 erari
525 3467 559 3521 P.
619 3474 654 3521 22
674 3485 706 3522 ac
725 3468 919 3522 dubitantibus
938 3468 970 3525 P.
1025 3476 1061 3525 24
1079 3488 1161 3526 aures

138 3536 217 3589 idem
234 3538 272 3592 Β
335 3544 370 3594 26
389 3539 457 3594 solit
445 3539 517 3594 tario
536 3538 572 3594 Β
609 3538 650 3594 ita
670 3539 745 3596 PB
782 3538 928 3607 libensque
947 3541 1021 3596 RB.
1078 3542 1140 3597 28
1132 3560 1162 3597 m

122 3603 187 3656 nlla
205 3607 241 3660 P.
321 3616 359 3666 29
376 3611 570 3683 prolibamini
589 3611 627 3667 A.
701 3615 736 3665 el
753 3609 845 3680 pudor
863 3611 970 3665 oddtd'u
