2414 3826
432 182 548 238 AOTUS
566 182 788 238 ALEXANDRI.
1052 186 1116 250 109

196 343 254 411 38.
278 343 331 409 Ad
354 345 435 409 haee
458 344 638 429 Rogodune
661 349 766 411 mater
789 345 974 412 Alexandro
999 347 1044 412 sic
1069 369 1117 412 re·
1136 359 1180 412 44.

105 433 251 518 spondit:
280 431 401 498 ‘Nobis
425 454 553 518 quoque
575 433 608 499 id
630 433 700 498 voti
722 435 861 499 maxime
885 434 956 517 fuit,
980 440 1019 500 ut
1041 458 1119 520 quo·
1143 502 1144 506 ,

10 594 15 600 ,
104 525 196 588 niam
219 522 281 586 diis
304 522 463 587 inclinare
487 521 579 586 Darii
606 544 724 587 nomen
752 524 793 587 ab
823 523 881 588 illa
907 524 1056 607 potentia
1080 525 1118 589 li·

104 613 243 695 buisset,
270 610 306 674 in
332 614 365 675 te
392 610 487 676 nobis
512 613 545 674 et
571 610 659 675 illius
682 610 825 694 dignitas
855 615 888 677 et
911 634 986 698 spes
1010 613 1115 678 omnis

104 699 276 766 incolumis
297 704 487 784 servaretur,
508 720 602 782 quem
620 699 778 765 virtutum
797 700 921 766 seilicet
939 703 973 765 et
991 702 1143 786 sapien-s

104 790 170 854 tiae
193 789 310 853 merito
335 787 471 871 dignum
493 787 625 852 fortuna
648 808 706 852 sua
729 788 839 853 nullus
862 789 1039 855 addubitet.
1080 789 1118 857 Id

105 899 184 964 ergo
217 880 254 941 ut
284 877 423 957 cunetis,
455 876 504 941 ita
536 876 632 940 nobis
663 877 836 961 praecipue
865 877 1027 961 voluptati
1059 882 1119 964 est,

105 987 187 1050 quas
210 970 243 1029 et
261 965 295 1028 in
313 964 371 1028 illa
389 985 521 1035 versura
539 964 688 1029 fortunae
708 964 848 1029 nihilum
866 966 961 1029 triste
980 966 1119 1049 experiri

104 1054 308 1120 contenderis
336 1056 369 1117 et
395 1052 527 1118 habitas
550 1074 609 1137 pro
633 1053 736 1117 veteri
764 1074 801 1118 ac
829 1053 880 1119 tui
897 1054 1047 1119 nominis
1071 1054 1118 1118 di-

105 1143 231 1229 gnitate
264 1163 351 1206 nunc
384 1142 482 1205 etiam
514 1161 615 1225 regno
647 1141 833 1226 participes.
886 1141 992 1227 Igitur
1023 1143 1117 1208 nobis
1132 1167 1159 1208 ro

106 1231 259 1316 quoniam
283 1230 325 1313 id,
348 1229 547 1312 Alexander,
570 1229 656 1314 quod
679 1229 812 1316 Darius,
836 1252 885 1316 es,
908 1252 944 1307 m
964 1234 998 1296 te
1021 1231 1118 1297 nobis

106 1320 184 1385 deos
204 1323 236 1384 et
255 1319 388 1384 deorum
402 1319 558 1384 beneficia
575 1339 794 1403 numeramus,
811 1320 958 1403 hancque
976 1321 1119 1406 gratiam

105 1411 144 1473 ut
166 1408 228 1472 tibi
251 1407 428 1491 confessae,
450 1408 498 1472 ita
516 1407 689 1473 Persarum
707 1428 835 1492 quoque
857 1408 1043 1492 proceribus
1062 1430 1118 1494 pa·

105 1497 174 1562 lam
196 1496 339 1580 fecimus,
362 1517 426 1580 quo
445 1495 591 1580 ipsorum
615 1497 714 1561 etiam
731 1497 817 1563 votis
837 1497 968 1562 deorum
988 1497 1119 1564 immor·

105 1585 222 1651 talium
239 1586 383 1649 numeris
402 1588 436 1649 et
454 1585 620 1650 consortio
640 1605 845 1670 congregere.
882 1584 988 1661 Quare
1011 1590 1119 1652 tecum
1133 1609 1159 1652 rs

105 1673 293 1828 {idquit
311 1675 423 1827 uu
438 1672 929 1827 §arbitrabitur
952 1675 1174 1829 111111

106 1857 217 1926 tamen
241 1851 382 1936 satrapis
406 1785 438 1914 et
460 1849 671 1933 optimatibus
690 1849 783 1914 talia:
807 1783 965 1933 ‘Agamus
984 1851 1119 1935 largiter

107 1940 170 2005 diis
194 1939 434 2005 immortalibus
455 1939 589 2024 gratias,
612 1938 698 2022 quod
716 1937 817 2003 Dario
841 1937 1009 2003 desinente
1026 1938 1120 2004 Darii

106 2029 203 2095 nobis
230 2028 387 2093 beneficia
415 2048 482 2092 non
511 2027 635 2092 desunt.
684 2025 771 2091 Nam
801 2030 835 2091 at
861 2025 1016 2090 Roxanen
1043 2028 1119 2093 Ale-
1133 2053 1160 2094 ao

106 2117 229 2184 xander
253 2139 344 2181 suam
372 2116 449 2181 fecit
477 2136 611 2199 eamque
639 2113 785 2197 coniugii
806 2113 929 2179 honore
951 2115 1119 2200 dignatur:

107 2228 172 2292 qua
195 2208 328 2272 cunctos
353 2205 391 2269 de
416 2205 525 2290 gratia
547 2224 613 2268 una
635 2224 708 2267 eum
732 2202 793 2267 diis
816 2202 896 2287 ipsis
922 2203 1119 2290 deorumque

107 2294 289 2360 simulacris
315 2294 461 2375 [obviare]
485 2315 544 2358 vos
568 2292 638 2377 regi
662 2291 742 2356 adeo
766 2292 1002 2378 benignissimo
1025 2315 1119 2378 opor·

107 2384 201 2468 tebit,
225 2387 322 2468 atque
345 2382 392 2466 id,
416 2382 502 2466 quod
525 2381 560 2445 in
583 2402 753 2446 commune
776 2382 941 2467 proficiat,
964 2383 1120 2469 confiteri,

106 2493 180 2537 cum
204 2493 273 2556 eos,
303 2472 337 2536 in
365 2493 447 2555 quos
471 2470 620 2535 dominus
645 2469 751 2536 factus
780 2475 843 2556 est,
871 2473 1014 2537 mutuari
1041 2493 1119 2558 gau·
1134 2501 1160 2544 25

108 2560 197 2624 dium
221 2582 316 2626 suum
338 2560 490 2624 maluerit
512 2581 609 2642 quam
632 2557 799 2625 exercere?

177 2699 225 2754 88.
245 2703 261 2752 ὃ
276 2698 422 2782 incolomis
430 2698 499 2753 M.
511 2697 701 2780 ineolumisP.
717 2700 747 2752 et
760 2714 810 2753 om.
819 2698 855 2753 A.
893 2707 908 2753 6
922 2699 1070 2782 nulliusA.
1089 2698 1120 2752 id

106 2768 1120 2920 1111·ξῇεὲ111111111ὲέ1111111111118111

106 2913 211 2967 veteris
226 2929 260 2967 ao
274 2912 316 2967 tui
330 2911 452 2966 nominis
467 2910 635 2980 dignitatem
646 2915 673 2964 ’1.
712 2915 744 2962 11
764 2909 795 2962 1d
804 2916 832 2966 τ.
847 2926 898 2967 om.
908 2911 983 2967 AP.
1005 2927 1034 2966 es
1044 2911 1119 2968 A.P.

107 2985 151 3038 est
169 2989 196 3038 ’1.
241 2988 274 3036 14
293 2999 349 3050 quo
367 2990 394 3038 Τ.
418 2999 468 3038 om.
483 2982 557 3036 A.P.
585 2980 659 3035 votis
678 2980 748 3035 Τ.Ρ.
772 2979 853 3036 vobis
871 2981 907 3038 A.
953 2987 986 3035 15
1006 2997 1120 3052 congre·

128 3071 175 3109 ere
195 3055 229 3109 P.
259 3055 474 3123 congrederer.
503 3068 673 3122 congregare
692 3053 727 3108 A.
791 3058 823 3107 17
842 3066 938 3122 regem
957 3052 1069 3122 agenda
1085 3053 1120 3109 P.

106 3072 232 3179 {aedem
241 3125 310 3180 TA.
330 3128 409 3195 (corr.
425 3142 458 3180 ex
472 3124 617 3178 meaedem
628 3123 668 3193 r.)
706 3129 739 3178 18
757 3123 876 3192 largiter
885 3124 920 3180 A.
932 3124 962 3178 P.
986 3123 1085 3179 taliter
1092 3131 1120 3180 τ.

109 3201 143 3250 19
163 3197 330 3251 mortalibus
348 3196 376 3251 A
443 3201 477 3250 22
498 3212 561 3250 eum
579 3193 634 3250 diis
648 3224 682 3238 -·
698 3193 841 3264 oportebit
859 3198 944 3263 atque
962 3212 1012 3251 om.
1032 3194 1120 3264 A.P.;

108 3267 184 3322 locas
201 3272 324 3323 servatas
342 3270 374 3323 ia
392 3273 434 3335 1.,
456 3268 505 3336 qui
527 3271 619 3321 tamea
641 3267 673 3321 ia
695 3267 750 3320 imo
768 3267 892 3337 margine
909 3267 1022 3321 statmo
1040 3268 1122 3321 mati·

108 3338 184 3393 tatus
201 3343 253 3393 ecl.-
276 3339 373 3394 desum
395 3339 480 3393 inilia
502 3343 632 3407 quatuor
654 3338 772 3392 imorum
789 3353 928 3392 casuum.-
953 3355 1057 3406 qua-
1073 3337 1121 3393 ob·

107 3408 185 3464 viare
201 3440 232 3449 —
249 3409 278 3463 id
297 3410 418 3478 quod-
434 3425 504 3478 quos
523 3408 558 3463 do
574 3439 616 3463 —.
649 3409 763 3462 cunctos
781 3409 888 3477 scripsi.
907 3409 1001 3463 cuncti
1009 3415 1035 3462 Τ.
1042 3409 1078 3464 A.
1086 3410 1123 3463 P.
1145 3419 1156 3428 ·

108 3485 143 3534 28
163 3480 276 3606 obvfiippe
294 3481 418 3550 supplevi
432 3482 491 3536 coll.
505 3497 567 3551 cap.
583 3481 676 3550 1,33;
699 3479 767 3548 111,
777 3483 824 3535 51.
856 3485 901 3534 Ἃ
915 3479 1054 3533 ecnntsx'x
1069 3490 1148 3526 cccc.

107 3566 142 3605 ea*
154 3567 209 3619 pro
257 3551 282 3605 ri
301 3557 326 3609 Τ.
