2414 3826
128 159 147 223 8
558 156 668 213 nlssna
686 156 706 211 1.

129 322 291 408 gignatur.
331 319 534 404 Aegyptium
553 319 654 405 igitur
677 340 785 384 semen
809 323 867 402 est,
890 319 946 404 qui
965 324 1139 405 conceptus

129 415 193 493 est,
215 431 282 474 non
304 412 416 473 tamen
438 408 571 492 humile,
594 409 650 473 sed
672 409 795 474 clarum
818 409 915 493 plane
938 409 991 473 vel
1014 410 1141 495 regium

128 501 263 584 propter
282 497 372 563 aurei
391 497 503 562 annuli
516 497 685 563 visionem.
707 497 780 563 Hoc
799 497 886 562 enim
905 498 1040 564 metallo
1059 497 1141 564 nihil

129 587 248 653 seimus
272 607 343 651 esse
366 584 554 669 pretiosius,
582 587 617 651 in
646 607 708 669 quc
737 584 836 650 etiam
860 584 993 651 deorum
1018 586 1141 671 effigies

95 695 109 736 r
129 696 329 741 veneramur.
354 673 416 739 Sed
432 675 585 758 quoniam
600 674 802 759 signaculum
815 675 928 759 [quod]
945 675 1023 741 solis
1037 675 1144 740 forma

128 765 295 831 visebatur
325 764 498 846 subterque
526 764 630 828 leonis
658 766 756 847 caput
786 763 904 828 hastile
932 785 1059 849 quoque
1090 763 1142 828 ad-

128 855 237 918 iacens
262 855 346 936 erat,
368 852 396 916 is
419 851 504 936 ipse,
528 853 665 938 quisque
687 855 849 936 nascetur,
873 853 906 916 in
930 852 1066 917 orientis
1091 875 1142 918 us·

129 963 191 1027 que
214 941 322 1007 veniet
344 941 570 1027 praepotentia
594 940 848 1025 possessionem,
876 941 985 1006 omnia
1013 941 1145 1028 audens,

129 1052 212 1116 quae
234 1033 353 1096 natura
376 1033 427 1094 est
449 1030 565 1111 leonis,
587 1029 684 1113 idque
706 1029 739 1094 vi
763 1032 795 1093 et
817 1028 912 1095 hasta
931 1029 1038 1115 faciet,
1062 1052 1144 1114 quae

90 1139 116 1178 10
129 1141 196 1185 una
218 1117 339 1185 vidisti.
380 1117 556 1184 Enimvero
581 1116 736 1203 quoniam
758 1118 854 1183 deum
877 1118 982 1202 eapite
1006 1118 1145 1186 arietino

129 1208 262 1273 testaris
287 1207 487 1290 eundemque
511 1228 635 1291 canum,
659 1211 710 1272 est
733 1205 811 1272 deus
831 1206 952 1291 Libyae
972 1205 1144 1274 Ammonis

128 1293 282 1362 nomine?
323 1293 418 1360 Hanc
440 1295 743 1378 interpretationem
767 1295 954 1381 interpretis
978 1299 1055 1361 tunc
1078 1317 1146 1362 non

131 1406 233 1469 aequo
266 1384 348 1449 satis
381 1383 489 1448 animo
519 1383 687 1469 Philippus
719 1385 859 1470 aceepit,
891 1384 976 1469 quod
1009 1384 1143 1450 homine

131 1473 318 1558 concepisse
341 1471 511 1537 mulierem
534 1473 730 1538 credidisset

90 1580 116 1622 rs
219 1559 391 1626 Festinata
420 1560 521 1646 igitur
550 1583 585 1626 re
611 1562 730 1627 bellica
757 1559 982 1628 Macedoniam
1014 1562 1054 1626 ad
1087 1564 1189 1628 suaIl

130 1649 274 1734 repedet.
320 1647 390 1726 Quo
420 1650 526 1715 reditu
556 1650 673 1715 mulier
704 1649 814 1716 audito
845 1650 1037 1735 trepidatior
1068 1656 1147 1735 erat,

132 1739 257 1804 solatiis
286 1741 398 1803 tamen
428 1737 496 1804 eius
526 1737 736 1805 Nectanabus
767 1739 946 1805 adsidebat.
1001 1738 1148 1806 Tandem

130 1827 232 1913 igitur
256 1825 431 1893 adveniens
455 1827 626 1913 Philippus
649 1831 687 1894 ut
709 1828 877 1912 ingressus
901 1832 963 1911 est,
988 1829 1148 1914 reginam,

132 1937 205 1982 cum
236 1915 435 1982 diffidentius
466 1916 530 1982 sibi
559 1938 727 1982 occursare
758 1917 929 2002 coniugem
957 1917 1148 2002 intueretur,

92 2025 118 2064 ro
134 2008 185 2070 as
187 2027 207 2070 u
170 2004 438 2071 tdissimulans
461 2004 611 2091 indignat
596 2005 719 2071 tionem
742 2005 778 2070 in
800 2004 881 2070 haee
899 2005 1000 2071 verba
1023 2007 1152 2072 solatus

133 2097 196 2160 est.
169 2093 284 2159 t‘Me
308 2094 438 2178 quidem
463 2094 548 2160 clam
570 2117 621 2159 res
645 2098 738 2179 gesta
761 2106 827 2159 non
851 2098 902 2160 est
921 2095 1092 2179 libensque
1115 2099 1149 2160 te

132 2183 228 2248 venia
246 2183 407 2284 impertio,
430 2183 549 2268 quippe
566 2184 703 2284 culpat
688 2182 749 2248 tibi
772 2204 839 2248 non
858 2182 1035 2249 adhaerent
1020 2186 1063 2266 te,
1088 2184 1149 2250 sic·

133 2271 182 2335 uti
200 2270 359 2354 praescivi
383 2270 421 2335 de
445 2273 595 2355 sompnio
615 2271 787 2336 defensant
772 2275 815 2355 te,
838 2272 921 2355 quod
940 2272 1065 2338 factum
1090 2276 1149 2355 est,

135 2360 175 2424 ab
206 2357 295 2423 omni
323 2359 434 2461 culpaz
459 2381 523 2443 qua
550 2360 652 2425 adlini
679 2381 800 2445 posses.
846 2359 992 2445 Regibus
1021 2382 1149 2446 quoque

65 2466 120 2536 as
136 2446 260 2511 sicuti
250 2469 283 2511 1n
304 2446 434 2512 alios'
404 2469 453 2512 ms
478 2451 537 2533 est,
560 2449 600 2513 ad
619 2449 697 2515 deos
718 2453 828 2514 tamen
846 2449 994 2534 potentia
1013 2448 1150 2517 frixerit.

134 2533 248 2618 Neque
272 2536 358 2600 eninr
382 2540 415 2600 e
438 2557 504 2602 scro
523 2539 690 2623 popularis
715 2537 849 2603 alicuius
874 2538 978 2603 amori
1002 2539 1149 2641 servisse,

135 2624 299 2690 enimvero
319 2623 369 2689 dei
389 2625 521 2691 deorum
539 2624 769 2711 pulcherrimi?
809 2626 871 2692 His
890 2626 966 2692 dict
942 2631 984 2692 trs
1004 2627 1149 2693 animum

134 2712 280 2778 mulieris
305 2713 553 2781 instauraverat.
529 2715 671 2801 angit
694 2736 770 2800 ergo
793 2720 867 2800 grat
869 2716 917 2780 ias
936 2736 1017 2780 uxor
1035 2716 1150 2782 veniae

135 2802 237 2886 eique,
256 2823 313 2886 qur
304 2801 391 2868 sibi
405 2825 496 2888 spem
511 2804 579 2868 eius
594 2804 723 2890 pollicit
723 2826 761 2868 us
776 2803 955 2888 videbatur,
968 2804 1111 2888 prophet
1112 2826 1150 2871 ae

94 2909 121 2950 eo
135 2889 219 2957 Nect
220 2890 334 2956 anabo.

222 2978 329 3064 Igitur
347 2980 533 3065 agebatint
534 2981 614 3047 erim
633 2978 807 3065 Philippus
826 3002 900 3045 eum
918 2981 1053 3045 muliere
1075 2984 1189 3047 eon-X

133 3067 252 3153 iugalit
254 3089 297 3134 er.
343 3067 427 3136 Nect
428 3070 552 3134 anabus
576 3090 653 3134 uero
677 3090 831 3152 praesens
857 3069 997 3154 quidem,
1020 3069 1077 3135 sed
1101 3070 1148 3135 in·

224 3241 432 3325 equoddeleci
467 3242 684 3310 doubterqnen.
702 3243 841 3298 subterP.
860 3243 1005 3298 hastileP.
1021 3243 1150 3300 astilisr.

135 3311 194 3367 'lie
208 3313 314 3382 scripse.
334 3311 414 3368 hier.
434 3313 501 3367 siP.
543 3319 685 3382 9ᾳιιαεΤ
705 3314 833 3382 quamP.
878 3319 910 3368 13
929 3315 1005 3382 quod
1020 3315 1150 3369 ominen.

134 3384 265 3451 quodque
285 3383 397 3438 omnino
416 3383 450 3439 P.
495 3388 527 3437 17
548 3383 758 3439 TandemM
746 3389 843 3439 tamen
861 3384 895 3438 Ρ.
936 3389 971 3438 2³
991 3383 1027 3440 de
1045 3401 1097 3442 om.
1116 3387 1150 3442 P.

134 3459 169 3509 24
188 3451 315 3508 adlinin.
336 3453 478 3514 adtaniP.
516 3460 550 3509 26
570 3455 643 3510 enim
664 3471 714 3510 om.
725 3455 757 3509 P
795 3460 829 3509 29
849 3455 1048 3524 eiquer..qP
1049 3458 1152 3513 uedel.

119 3520 223 3574 Μανῆ
262 3529 298 3577 31
317 3524 474 3598 Philippus
492 3542 544 3584 om.
565 3533 592 3584 Τ.
637 3531 671 3584 32
690 3526 918 3583 Nectanabus'n
931 3474 1100 3582 blachiam
1118 3527 1152 3583 Ρ
