2414 3826
421 183 780 268 Aeuussnnxsrnru.
1054 187 1096 253 85

82 350 172 414 ceret
201 346 456 413 secundaturum.
507 346 545 411 Id
576 369 649 413 cum
680 348 731 413 die
758 350 882 413 statuto
910 347 1096 414 Alexander

80 437 259 501 hausturus
288 435 386 520 foret,
415 435 500 501 forte
528 436 722 502 Parmenion
752 436 884 521 quidam
914 459 931 502 e
962 437 1096 503 ducibus

80 525 185 611 regis,
223 524 308 589 enim
340 524 479 589 infestus
512 523 663 609 Philippo
697 525 836 609 medico,
873 526 1097 592 huiuscemodi

82 614 262 679 sententiae
281 613 465 678 Alexandro
490 612 618 678 litteras
636 613 748 698 mittit,
771 614 888 699 quibus
907 613 1095 699 Philippum

80 703 169 767 hunc
199 700 400 766 clandestina
429 704 590 766 tractasse
617 723 690 766 cum
718 701 818 768 Dario
846 703 982 769 consilia
1010 724 1122 768 com-s

80 793 237 875 moneret,
255 790 305 855 uti
322 811 381 874 per
394 791 546 874 poculum
565 791 664 855 saluti
678 789 855 856 Alexandri
874 790 1095 875 insidiaretur3

81 879 151 944 eius
181 880 229 944 rei
259 878 438 944 mer'cedem
465 877 618 962 Philippo
648 877 733 964 fore,
763 882 800 943 ut
830 901 975 944 sororem
1003 880 1095 945 Darii

79 971 271 1052 partemque
300 968 393 1053 regni
425 989 498 1032 oum
528 965 628 1031 Dario
660 967 856 1053 pepigisset3
887 967 965 1032 boni
994 968 1095 1052 igitur

81 1055 266 1121 consuleret
294 1076 351 1120 rex
379 1058 411 1120 et
442 1056 483 1119 ab
513 1055 570 1120 illa
599 1056 776 1121 curationis
805 1077 862 1139 spe
888 1059 1095 1139 temperaret.

81 1142 280 1226 Suspectans
304 1142 487 1209 Alexander
509 1143 657 1228 proinde,
680 1147 718 1209 ut
739 1165 791 1209 res
815 1147 898 1229 erat,
922 1144 1094 1228 epistolam
1107 1169 1134 1210 ro

80 1233 210 1317 quidem
242 1232 422 1316 intrepidus
455 1232 546 1298 vultu
579 1236 612 1298 et
642 1234 752 1298 animo
785 1232 826 1298 ad
858 1236 956 1317 caput
984 1232 1095 1300 lectuli

78 1320 230 1405 protinus
257 1322 360 1404 ponit.
405 1319 549 1405 Accepto
578 1323 686 1387 autem
709 1322 839 1406 poculo,
868 1344 941 1387 cum
969 1321 1002 1386 id
1029 1323 1095 1387 iam

78 1410 213 1474 haustui
236 1410 447 1494 admovisset,
474 1409 587 1475 eodem
610 1414 776 1476 momento
800 1411 899 1475 etiam
923 1411 1095 1494 epistolam

78 1497 233 1582 Philippo
256 1498 428 1584 legendam
452 1498 516 1562 dat.
561 1496 706 1582 (lamque
733 1521 798 1564 uno
825 1501 861 1563 in
888 1502 1034 1582 tempore
1062 1502 1096 1564 et

78 1587 136 1651 ille
159 1590 286 1670 potum,
315 1607 411 1670 quem
435 1591 615 1670 acceperat,
639 1587 876 1653 transmisisset
904 1591 937 1653 et
963 1588 1018 1653 hic
1041 1587 1095 1653 lit·
1109 1611 1134 1653 15

78 1679 168 1740 teras
191 1675 393 1760 perlegisset,
417 1674 512 1740 facile
535 1674 623 1740 dedit
645 1676 770 1741 medico
789 1676 995 1761 intellexisse,
1018 1677 1096 1760 quid

81 1764 121 1828 de
144 1764 316 1828 sedulitate
345 1763 413 1828 eius
436 1764 599 1846 opinionis
625 1764 804 1830 habuisset.
848 1764 997 1849 Denique
1021 1765 1095 1830 oum

80 1853 206 1918 curatio
233 1853 292 1917 illa
321 1852 362 1916 ad
391 1852 566 1936 pristinum
597 1854 719 1918 statum
747 1851 967 1917 Alexandrum
996 1853 1093 1917 dedu·

78 1941 181 2005 xisset
207 1940 442 2026 Philippusque
473 1941 630 2006 ultionem
662 1941 821 2005 mendacii
848 1940 1026 2025 flagitaret,
1058 1945 1095 2005 ut

78 2029 252 2095 insidiatus
275 2031 345 2115 regi
367 2028 539 2094 Parmenio
562 2050 685 2112 poenas
709 2030 814 2111 capite
837 2027 997 2111 dependit.
1107 2055 1134 2096 ao

172 2116 230 2185 25.
280 2116 388 2204 Igitur
424 2120 555 2202 recepta
590 2115 775 2181 valetudine
812 2114 997 2181 Alexander
1035 2137 1094 2199 per
1111 2127 1158 2184 IX

78 2205 194 2271 Medos
225 2208 401 2272 exercitum
431 2206 550 2271 ducens
579 2207 642 2270 iter
670 2204 752 2269 illud
781 2205 895 2270 multis
920 2204 1094 2270 admodum

79 2295 194 2361 diebus
221 2316 280 2379 per
309 2296 437 2360 deserta
465 2294 607 2379 regionis
635 2315 783 2359 emensus
812 2299 863 2359 est
893 2295 1095 2380 multamque

80 2405 184 2468 aquae
211 2385 379 2467 penuriam
408 2383 570 2450 toleravit.
620 2383 765 2449 Tandem
796 2384 932 2467 denique
961 2384 1001 2449 ad
1029 2382 1093 2449 Eu·

78 2473 233 2556 phratem
256 2474 401 2554 veniens,
427 2473 562 2537 fluvium
584 2473 809 2559 magnitudine
832 2472 919 2538 haud
943 2474 1093 2557 cuiquam
1107 2493 1133 2535 rs

79 2561 175 2626 facile
195 2562 380 2646 secundum,
402 2581 503 2645 eoque
522 2565 687 2626 constrato
707 2562 845 2627 navibus
866 2565 964 2645 atque
984 2565 1094 2645 ponte,

80 2671 145 2734 quo
172 2651 235 2715 iter
263 2651 329 2715 suis
357 2649 597 2714 incunctantius
625 2650 846 2734 persuaderet,
874 2651 997 2733 primus
1026 2672 1092 2713 om·

79 2739 169 2803 nium
194 2743 329 2821 pontem
357 2759 505 2803 emensus
534 2739 763 2803 auctoritatem
791 2738 915 2803 cunctis
941 2736 1093 2803 audaciae

78 2828 255 2912 praestitit.
301 2827 398 2893 Omni
424 2827 525 2912 igitur
552 2826 618 2890 iam
645 2825 855 2890 multitudine
883 2825 1093 2909 impedimen-

77 2917 187 3000 tisque
218 2917 419 2982 transmissis
451 2914 539 2979 illico
568 2914 649 2979 solvi
676 2918 810 2998 pontem
837 2918 1092 2998 compactarum·
1107 2936 1133 2977 eo

81 3026 142 3088 que
172 3006 213 3069 ob
241 3005 275 3069 id
301 3004 433 3070 navium
461 3003 552 3068 iubet
578 3003 718 3068 vincula.
764 3001 803 3067 Id
831 3024 904 3068 cum
935 3003 1093 3068 exereitus

79 3212 141 3250 cum
164 3197 322 3266 deperierit,
350 3198 395 3251 dic
419 3196 521 3264 incipit
542 3210 644 3266 mapsa
666 3197 779 3251 sedecim
797 3197 969 3265 popinarum
993 3196 1095 3254 lacuna

78 3268 111 3321 ia
130 3266 164 3322 A.
220 3267 406 3322 thausturus
424 3266 482 3322 Mr.
506 3266 643 3320 hausurus
662 3267 694 3321 P.
755 3265 892 3336 tquibus
907 3267 963 3323 Mr.
988 3281 1043 3334 qua
1058 3266 1092 3322 P.

80 3343 96 3392 7
112 3339 268 3393 mercedem
275 3337 333 3394 Mr.
347 3338 474 3393 mercede
483 3337 516 3392 P.
556 3341 588 3392 10
602 3337 720 3404 proinde
729 3337 764 3392 P.
778 3336 915 3406 perinde?
933 3338 968 3392 of.
979 3337 1094 3392 Hermes

82 3408 187 3462 XXII
200 3425 230 3478 p.
246 3415 312 3466 628.
351 3415 384 3464 13
403 3407 502 3463 eodem
520 3425 571 3477 per
589 3411 731 3463 momento
746 3407 778 3462 P.
816 3414 850 3463 20
869 3408 1045 3479 parmenium
1059 3409 1093 3464 P.

170 3479 218 3536 25.
238 3484 272 3535 25
292 3481 421 3549 cuiquam
441 3478 506 3535 eoa.
527 3479 579 3536 Oa.
607 3479 708 3549 cuique
731 3479 764 3535 P.
835 3485 873 3535 Ἃ
889 3478 1115 3534 insessam

77 3549 141 3606 Ded.
164 3548 213 3604 Oe.
240 3551 471 3609 meunctantibus
493 3552 529 3610 P.
