2414 3826
206 185 383 243 EPISTULA
401 186 615 242 ALEXANDRI
634 186 683 240 AD
702 187 971 244 ARISTOTELEM.
1027 189 1091 254 213

78 350 235 436 igneuri
262 353 319 413 aut
345 350 450 414 ullum
480 351 600 415 animal
629 351 777 416 interfici.
828 349 890 416 Sed
921 353 1092 436 praecepit,

78 445 116 506 ut
138 440 330 524 provolutus
355 439 506 504 arborum
530 439 652 504 truncis
680 441 792 505 oscula
816 440 924 505 darem
951 462 1092 505 orarem·

80 551 143 614 que
175 527 283 593 Solem
314 531 347 590 et
376 527 519 612 Lunam,
548 532 587 592 ut
616 529 758 593 veridica
787 529 868 593 mihi
899 530 1014 594 darent
1043 551 1092 593 re·

80 639 208 702 sponsa.
246 614 339 691 Quod
358 635 419 700 ego
439 639 512 681 cum
530 617 674 681 facturus
694 639 807 696 essem,
825 617 1092 703 interrogandum

78 711 191 772 tamen
216 705 416 769 sacerdotem
436 705 631 788 existimavi,
653 709 761 770 utrum
780 706 889 770 Indice
909 729 950 771 an
970 705 1119 772 Graecas

79 796 160 860 mihi
184 797 294 860 essent
313 794 446 858 arbores
465 816 686 878 responsurae.
728 794 812 859 Tum
834 795 890 858 ille
913 794 1092 879 ‘Utraque'

79 884 196 969 inquit,
220 882 321 946 ‘Solis
347 882 487 947 elocutio
510 883 623 968 lingua
646 883 837 968 pronuntiat
859 882 979 968 futura,
1002 883 1094 948 Luna

82 973 205 1038 Graeco
231 993 379 1036 sermone
403 972 528 1056 incipit,
550 971 662 1037 Indico
685 971 778 1035 finit.2

170 1061 257 1125 Dum
285 1083 323 1124 ea
352 1065 520 1145 geruntur,
550 1061 689 1125 vidimus
721 1061 760 1125 ab
792 1061 955 1125 occidente
981 1061 1093 1125 iubare

81 1150 282 1235 fulgentibus
306 1148 432 1213 Phoebi
454 1148 553 1214 radiis
576 1171 728 1233 percussa
752 1150 904 1214 arborum
928 1150 1094 1214 cacumina
1109 1174 1134 1214 ιο

83 1243 116 1303 et
135 1238 284 1303 sacerdos
304 1238 362 1302 ait:
382 1235 549 1323 ‘Sursum'
567 1239 683 1323 inquit,
703 1237 827 1303 ‘omnes
841 1239 977 1302 tuemini
996 1242 1036 1321 et,
1056 1237 1095 1303 de

82 1328 200 1411 quibus
224 1326 321 1390 rebus
346 1326 480 1410 quisque
505 1328 712 1392 consulturus
736 1332 798 1410 est,
825 1329 949 1392 occulte
972 1327 1096 1411 cogitet

82 1417 222 1499 silentio,
245 1437 341 1479 nemo
365 1416 473 1499 palam
496 1416 704 1499 pronuntiet!
751 1416 834 1481 Tum
859 1436 919 1501 ego
944 1421 976 1480 et
1000 1415 1096 1480 amici

82 1508 115 1570 et
144 1505 412 1570 commilitatores
442 1505 623 1569 accuratius
651 1527 761 1570 sumus
788 1505 914 1584 intuiti,
941 1527 982 1568 ne
1009 1505 1096 1568 inter
1140 1517 1142 1522 ’

80 1615 252 1657 nemorum
277 1592 470 1656 densitatem
497 1593 607 1678 aliqua
634 1594 668 1657 in
696 1616 819 1659 morem
842 1594 1011 1659 hominum
1034 1615 1094 1658 nos
1109 1616 1135 1658 15

81 1682 233 1746 illuderet
260 1680 399 1745 salsitas.
444 1681 521 1745 Mox
549 1683 784 1747 interveniente
811 1683 902 1748 nullo
933 1683 993 1746 tali
1020 1682 1095 1745 dolo

82 1791 186 1854 usque
204 1769 243 1833 ad
260 1770 428 1833 cacumina
447 1792 619 1854 ramosque
638 1772 861 1855 perspeximus
882 1775 914 1834 et
933 1770 1095 1836 stantibus

84 1858 180 1922 nobis
213 1860 390 1923 comminus
424 1858 532 1922 divina
565 1857 698 1924 auribus
732 1881 925 1942 occupamus
958 1860 1096 1922 oracula.

84 1944 295 2031 Cogitabam,
339 1948 365 2011 si
407 1947 532 2012 devicto
575 1948 653 2012 orbe
689 1953 849 2012 terrarum
886 1948 920 2010 in
956 1946 1096 2029 patriam

82 2036 288 2121 triumphans
317 2035 356 2099 ad
380 2034 606 2120 Olympiadem
634 2038 772 2100 matrem
794 2027 985 2118 sor'oresque
1007 2055 1137 2099 measse

83 2125 269 2190 carissimas
304 2124 423 2189 reverti
456 2146 603 2208 possem,
639 2147 711 2190 cum
747 2123 854 2189 subito
887 2121 997 2186 Indico
1033 2144 1096 2186 ser-

84 2236 179 2278 mons
203 2213 393 2278 tenuissime
415 2213 585 2297 respondit
608 2214 717 2277 arbor:
744 2212 880 2277 ‘invicte
903 2211 1000 2275 bellis
1024 2210 1096 2274 Alc-

83 2303 218 2386 xander,
247 2307 284 2366 ut
312 2301 517 2384 consuluisti,
546 2325 629 2367 unus
658 2303 721 2366 eris
751 2301 899 2366 dominus
924 2299 1011 2364 orbis
1035 2303 1097 2364 ter·

83 2413 206 2475 rarum,
236 2390 291 2455 sed
316 2390 408 2455 vivus
432 2390 570 2474 amplius
599 2389 633 2455 in
660 2391 801 2476 patriam
829 2411 896 2455 non
918 2389 1098 2473 reverteris,

84 2481 237 2563 quoniam
257 2480 327 2543 fata
350 2483 407 2544 tua
429 2479 477 2544 ita
500 2481 538 2544 de
562 2480 666 2563 capite
690 2484 747 2545 tuo
768 2477 972 2544 statuerunt?
1014 2479 1097 2543 Tum
1112 2498 1138 2540 ss

84 2589 146 2651 ago
181 2569 347 2633 oraculum
382 2591 454 2633 cum
486 2569 671 2656 ignorarem
706 2570 845 2653 qualiter
880 2571 965 2634 esset
999 2567 1097 2631 Indus

84 2658 372 2741 interpretaturus,
413 2658 493 2722 alios
531 2679 648 2723 mecam
683 2659 861 2738 interpretes
897 2657 1097 2734 adducerom,

84 2767 166 2829 quos
196 2767 256 2830 ego
284 2745 408 2828 partim
431 2747 632 2828 muneribus,
660 2745 781 2828 partim
805 2744 915 2827 minis,
942 2746 979 2807 ut
1002 2765 1098 2828 quae-

84 2854 211 2915 cunque
247 2833 380 2897 arbores
415 2833 557 2897 dicerent
589 2833 769 2897 indicarent
804 2832 905 2916 coegi.
959 2831 1030 2907 Qua
1064 2853 1098 2895 re

177 2994 189 3042 1
210 2987 357 3058 praecepit
374 2991 407 3042 ut
425 3004 475 3043 om.
494 2989 533 3046 H.
624 2994 640 3041 2
659 2986 824 3057 provolutus
844 2986 870 3042 0.
878 2987 910 3043 V.
937 2987 1050 3042 volutus
1069 3007 1100 3042 ω.

85 3060 199 3115 volutos
219 3059 257 3114 H.
292 3058 359 3114 dare
379 3075 514 3128 orareque
533 3059 571 3113 H.
619 3059 749 3112 botrum
770 3058 798 3114 G.
818 3074 867 3113 om.
887 3063 934 3113 cet.
987 3062 1019 3111 11
1037 3061 1099 3113 tue-

85 3132 155 3185 mini
165 3132 198 3186 L.
208 3131 241 3186 G.
251 3132 292 3184 M.
312 3130 461 3185 intuemini
474 3136 521 3186 cet.
565 3136 598 3184 14
617 3129 823 3185 commilitones
832 3129 871 3183 H.
904 3129 952 3200 ne]
973 3145 1055 3183 nemo
1065 3129 1098 3183 L.

87 3209 120 3256 15
146 3203 242 3271 aliqua
265 3204 294 3256 in
317 3219 423 3256 morem
445 3201 506 3273 ela]
525 3201 621 3270 aliqua
644 3201 770 3256 seductio
793 3200 823 3255 in
846 3215 953 3254 morem
975 3200 1100 3254 veterem

86 3274 171 3328 docta
188 3291 240 3328 nos
259 3273 404 3328 hominum
423 3271 528 3343 aliquis
546 3272 681 3328 eluderet.
709 3274 774 3327 Mox
793 3272 832 3327 H.
905 3276 937 3325 17
956 3270 1099 3340 prospexi-

85 3363 148 3399 mus
169 3345 197 3399 0.
228 3347 256 3400 et
276 3344 303 3399 O.
324 3363 374 3401 om.
393 3351 440 3401 cst.
496 3350 528 3399 18
549 3344 645 3400 divina
662 3344 722 3414 etc]
742 3342 852 3400 divinas
872 3358 953 3396 aures
971 3341 1100 3410 precibus

87 3415 301 3471 sollicitavimus
317 3416 347 3471 V.
424 3422 456 3470 19
476 3414 538 3472 orbi
557 3416 591 3472 L.
662 3421 696 3470 27
716 3414 786 3468 alios
805 3430 914 3468 mecum
932 3411 1102 3481 interpretes

88 3486 260 3542 adduxeram
274 3487 353 3543 Edit.
365 3488 470 3552 Basil.;
489 3504 539 3543 om.
554 3488 630 3544 codd.
668 3492 702 3541 28
717 3503 790 3554 quos
800 3483 959 3540 ΘΒΜ
971 3521 978 3532 .
993 3480 1124 3545 cussia-

86 3556 138 3611 hos
159 3558 187 3612 0.
220 3560 253 3613 ut
269 3575 318 3616 om.
341 3559 370 3616 V.
445 3565 480 3617 29
499 3559 631 3618 indicare
649 3558 723 3616 ru.V.
