2414 3826
134 147 175 212 18
566 145 674 202 LIBER
691 146 712 200 1.

133 310 219 374 enim
241 309 310 374 labi
333 309 444 374 omnia
468 330 541 374 cum
563 309 721 374 facilitate
740 308 891 375 donandi.
929 308 1034 385 Quare
1058 311 1146 394 quod

133 401 185 463 sat
200 398 252 480 sit,
267 398 474 463 aestimatote
488 397 632 481 mihique
646 397 767 464 mittite
783 396 1055 481 dispensandum?
1093 399 1147 466 Ad

132 487 212 551 haee
234 506 327 570 reges
347 486 519 551 Aristoteli
539 487 685 551 scribunt
707 485 766 551 ita:
792 483 947 551 ‘Nuntiat
965 485 1084 552 Zeuxis
1108 488 1147 571 is,

133 576 188 660 qui
216 576 398 660 sumptibus
421 574 598 639 Alexandri
626 577 676 640 est
703 573 899 658 praefectur,
928 597 967 639 ea
994 597 1077 660 quae
1105 577 1166 641 ad·

106 666 201 728 acius
225 686 302 728 usus
326 662 518 747 largiamur,
542 662 583 728 ab
607 664 719 729 eodem
743 663 837 729 facile
861 663 980 747 dilabi,
1003 663 1080 748 quia
1103 665 1149 730 sit

132 752 403 818 inconsideratior
430 752 610 838 dilargitor.
654 752 744 838 Ergo
771 756 807 816 tu
835 753 936 816 missa
964 755 1147 836 susceperis

133 846 229 926 atque
253 863 293 906 ex
316 842 479 906 sententia
502 839 724 924 dispensatis?
761 839 815 906 Ad
837 841 917 905 haec
935 839 1146 907 Aristoteles:

133 929 266 995 ‘Ratum
285 929 414 1014 quidem
432 930 546 1009 habeo,
569 929 615 994 mi
637 951 700 1008 rex,
724 929 846 994 nostris
867 929 986 994 litteris
1006 929 1147 995 Alexan·

132 1020 226 1084 dnum
240 1019 428 1084 institutum
441 1018 524 1083 nihil
543 1039 613 1083 sese
627 1017 784 1102 nobisque
803 1017 969 1103 indignius
983 1017 1146 1101 factitare,

92 1129 118 1168 10
132 1108 229 1194 idque
257 1130 332 1173 mox
355 1129 463 1173 eoram
487 1107 597 1172 indole
625 1108 695 1171 eius
718 1107 865 1190 inspecta
887 1110 995 1171 vestra
1018 1129 1146 1192 quoque

133 1198 295 1262 sententia
319 1194 572 1278 confirmaverit3
601 1194 651 1258 illi
674 1195 801 1260 scilicet
827 1196 862 1258 in
890 1193 1024 1278 agendis
1048 1195 1145 1261 rebus

131 1307 198 1351 non
222 1286 338 1349 aetatis
362 1283 531 1365 sententia,
555 1282 611 1347 sed
629 1283 804 1365 doctrinae,
829 1284 858 1348 si
876 1283 968 1348 vobis
988 1283 1077 1348 cordi
1097 1288 1147 1349 est

132 1373 279 1458 experiri,
303 1372 432 1437 subficit
454 1370 646 1438 consilium?
691 1371 744 1436 Ad
771 1373 850 1438 haec
878 1393 971 1456 reges
998 1372 1147 1438 scribunt

131 1483 242 1525 rursus
262 1462 302 1525 ad
316 1460 463 1525 Zeuxim:
483 1458 638 1525 ‘Litteras
657 1464 731 1525 tuas
745 1460 928 1545 Aristoteli,
947 1483 1027 1545 quas
1048 1484 1146 1546 super

92 1569 117 1610 15
133 1549 317 1614 Alexandro
343 1548 481 1633 feceras,
507 1546 744 1634 intimavimus,
771 1549 888 1634 quidve
917 1549 957 1613 ad
984 1549 1065 1615 haec
1088 1551 1145 1615 ille

131 1637 343 1723 responderit,
361 1640 491 1722 praesto
510 1637 650 1703 esttibi.
682 1637 789 1722 Igitur
808 1659 846 1702 ex
865 1641 1001 1721 utraque
1018 1638 1145 1724 collige,

131 1727 207 1812 quid
235 1727 322 1791 facto
350 1747 431 1811 opus
459 1725 638 1792 arbitrere?
682 1726 721 1791 Id
748 1730 858 1791 tamen
886 1725 1043 1811 scriptum
1071 1749 1145 1792 cum

132 1817 349 1899 suspectasset
372 1814 582 1898 Aristoteles,
610 1815 719 1881 alitius
748 1816 781 1880 in
804 1815 891 1880 hunc
913 1815 1045 1880 modum
1068 1815 1144 1880 Ale-

130 1904 252 1970 xandro
275 1904 388 1970 refert:
412 1901 587 1988 ‘Scripsere
610 1904 692 1969 mihi
716 1903 885 1988 Philippus
908 1907 942 1968 et
964 1901 1146 1989 Olympias,

90 2013 116 2055 ²⁰
129 1997 437 2167 inbibit?
464 1995 1143 2168 tit?2¹..2tttl.tlt⁶.¹3³¹²tlitii.

130 2176 162 2236 te
190 2171 359 2256 indignum
388 2170 484 2237 nobis
515 2193 554 2235 ac
580 2171 771 2256 parentibus
800 2169 932 2254 sapere?
983 2169 1033 2233 Ad
1063 2170 1144 2237 haec

129 2282 222 2343 puer:
246 2257 348 2323 ‘Scire
371 2262 405 2322 te
423 2281 485 2341 par
507 2261 564 2343 est,
587 2261 633 2323 mi
652 2260 817 2343 magister,
840 2279 878 2322 ea
897 2258 1035 2342 quidem,
1059 2279 1142 2342 quae

131 2348 171 2411 ad
189 2368 249 2411 nos
274 2368 294 2411 a
315 2346 505 2430 parentibus
525 2347 737 2430 destinantur,
759 2346 895 2430 indigna
919 2368 988 2410 esse
1011 2345 1143 2411 illorum

89 2435 245 2517 inopibus
269 2438 302 2498 et
324 2435 466 2517 nominc,
488 2434 544 2498 sed
564 2456 656 2500 secus
679 2439 788 2500 tamen
812 2436 850 2500 de
869 2435 1075 2500 institutione
1094 2457 1142 2499 re-

129 2523 195 2607 gali
218 2542 311 2607 reges
335 2522 459 2606 pariter
481 2544 519 2587 ae
541 2528 708 2608 parentes,
731 2546 829 2609 quam
852 2524 1001 2588 decorum
1023 2522 1142 2606 fuerat,

129 2611 333 2695 commoveri,
356 2611 385 2675 si
408 2611 575 2677 fortunam
593 2617 745 2678 censeant
762 2612 951 2699 frugalitate
970 2609 1140 2695 populari?

129 2698 210 2764 Sunt
240 2701 339 2766 ctiam
368 2700 496 2765 litterae
526 2701 695 2786 utriusque
722 2701 867 2786 parentis
899 2700 939 2765 ad
965 2700 1069 2765 filium
1100 2699 1141 2764 ad

127 2788 215 2853 hunc
239 2790 384 2855 modum:
408 2787 586 2875 ‘Sumptus
608 2791 670 2856 tibi
688 2791 743 2876 qui
765 2789 897 2856 fortuna
914 2791 1028 2853 nostra
1049 2788 1142 2875 digni

218 3019 316 3070 lcum
335 3033 385 3071 om.
404 3017 438 3071 P.
528 3017 688 3088 lmihique
706 3015 812 3072 mittite
830 3032 880 3072 om.
902 3016 936 3069 P.
973 3013 1018 3068 Ad
1036 3030 1087 3070 om.
1108 3015 1140 3070 T.

128 3085 204 3140 3ita
222 3101 272 3141 om.
292 3087 325 3142 P.
359 3087 545 3144 Nuntiatum.
567 3089 599 3146 T.
631 3089 656 3142 is
675 3105 726 3144 om.
748 3088 779 3144 T.
862 3085 929 3142 ein
947 3086 1007 3140 eius
1025 3104 1091 3142 usus
1109 3085 1139 3141 T.

128 3163 196 3211 oco
215 3156 248 3210 P.
296 3158 353 3212 uod
373 3159 404 3212 Τ.
455 3159 595 3214 8nostris
614 3159 804 3216 Alexandrum
822 3157 959 3213 institutis
978 3157 1011 3211 P.
1062 3159 1139 3212 9111-

127 3226 241 3297 dignum
289 3269 295 3282 .
362 3233 395 3282 10
413 3229 510 3299 itaque
532 3230 564 3284 Τ.
634 3236 665 3283 11
687 3228 937 3287 confirmaverit-
950 3233 982 3282 12
1001 3228 1141 3282 sententia

127 3313 176 3352 om.
197 3298 230 3353 P.
304 3302 336 3352 12
357 3315 423 3354 suae
442 3300 600 3369 doctrinae,
619 3319 691 3370 quae
709 3301 734 3356 si
751 3300 832 3357 vobis
851 3299 929 3355 cordi
948 3302 992 3353 est
1010 3297 1140 3368 experiri,

127 3368 234 3424 subieci
257 3368 403 3424 consilium
428 3371 462 3426 P.
554 3377 587 3428 16
611 3372 738 3442 colligite
765 3373 796 3427 T.
889 3376 920 3425 17
945 3368 1080 3425 arbitrare
1104 3370 1139 3424 P.

128 3444 161 3493 18
181 3440 351 3509 suscepisset
376 3441 407 3495 T.
440 3441 525 3497 altius
551 3444 582 3498 Τ.
670 3450 705 3498 27
724 3445 865 3500 fortumm
888 3442 960 3496 hanc
983 3440 1139 3510 fragilitate

110 3509 254 3572 populea
269 3511 304 3562 R
379 3513 462 3567 281'11
481 3515 597 3570 modum
617 3514 649 3573 Τ.
722 3520 758 3572 ‘Ab
777 3515 827 3585 qui
844 3529 895 3570 om.
917 3512 948 3564 T·
