2414 3826
415 159 531 216 ORTUS
549 159 771 218 ALEXANDRI.
1057 166 1098 230 51

86 321 176 406 teris,
201 342 261 406 ego
285 327 396 386 tamen
416 321 498 386 mihi
520 326 558 386 ut
580 324 748 408 auspicato
768 329 886 390 cuncta
910 348 948 391 ex
971 331 1005 392 te
1028 348 1101 392 eon·

86 431 177 475 cessa
212 431 250 475 ac
283 432 402 496 sponsa
436 411 623 495 profitebor.
676 412 797 498 Accepi
832 415 919 480 enim
953 415 1100 481 habenae

85 500 208 564 scilicet
232 502 445 583 potestatem,
473 503 511 564 ut
532 500 685 584 habeam,
714 525 777 586 qua
805 503 839 566 in
863 503 988 569 subiect
974 508 1027 569 tos
1050 505 1100 569 uti

86 588 240 652 scientius
266 589 404 690 possim;
434 588 519 672 pilae
544 610 620 654 vero
646 590 854 675 simulamen,
882 592 1036 676 quoniam
1060 615 1099 657 ex

85 677 210 740 ambitu
234 678 285 741 sui
308 680 341 741 ιι
363 680 415 741 rot
401 676 562 741 tunditate
586 678 706 742 orbis
697 700 806 764 1mago
832 679 940 745 videat
926 684 989 766 t,ur
1011 681 1098 746 haud
1119 710 1132 751 5

85 765 183 829 dubie
209 765 291 828 mihi
318 765 522 830 ιιιιιιιιιιιιι
512 788 541 830 ιι
570 767 672 868 ipsius
700 789 759 851 per
788 769 859 831 ιι
849 769 1022 852 imperium
1052 792 1099 834 ιι-

83 854 257 943 promittit.
300 853 456 937 Quodque
479 854 532 918 hic
555 855 630 918 tert
606 859 689 919 trum
712 860 773 938 est,
794 857 917 922 loculos
942 879 1003 960 ego
1027 858 1099 923 auri

85 963 123 1006 ac
153 941 181 1005 si
212 964 310 1026 opum
344 946 473 1006 tuarum
504 943 626 1007 factam
655 942 737 1006 mihi
770 945 879 1029 accepi
911 947 1099 1030 cessionem,

85 1030 329 1114 subiectumque
352 1035 385 1094 te
404 1031 528 1094 viribus
552 1031 633 1094 meis
655 1053 800 1096 annuum
819 1032 905 1097 istud
928 1034 1009 1098 mihi
1027 1035 1098 1099 fore

83 1119 223 1203 pretium
248 1120 331 1183 servi
332 1119 413 1183 tutis
438 1118 672 1202 depensurum?

164 1204 223 1273 41.
238 1205 538 1292 H1s1g1url1er1s
549 1209 658 1292 palam
669 1208 762 1273 lectis
773 1209 990 1294 atques1gna
991 1210 1019 1274 is
1038 1154 1164 1274 XXXIX.

83 1295 255 1359 rediret
205 1300 255 1360 mt
257 1299 373 1360 ιιιιιιιιι
374 1297 423 1360 ios
442 1297 542 1362 iubet.
574 1295 650 1381 Ipse
669 1300 780 1362 tamen
800 1298 888 1375 omni
906 1320 982 1363 mox
1000 1295 1096 1383 Syria
1115 1303 1160 1354 48.

84 1387 236 1468 superata
266 1405 304 1448 ac
331 1384 471 1449 redactis
494 1385 563 1449 eius
587 1406 649 1470 gen
650 1386 777 1450 tibus
767 1408 802 1450 m
829 1409 872 1470 po
874 1390 974 1452 ιιιιιι
975 1409 1026 1451 em
1056 1388 1096 1452 ad

82 1473 197 1537 Asiam
216 1473 264 1536 ire
284 1473 457 1537 contendit.
498 1472 672 1538 Enimvero
693 1475 832 1558 acceptis
851 1475 1027 1542 Alexandri
1046 1477 1097 1541 lit·

82 1561 162 1625 teris
186 1582 242 1624 rex
265 1559 384 1626 Darius
408 1563 518 1645 eisque
541 1563 672 1646 gravius
697 1567 730 1627 ιι
752 1563 964 1649 adrogantius
988 1569 1096 1630 motus
1112 1587 1136 1628 15

83 1649 123 1714 ad
152 1654 300 1734 satrapas
330 1671 405 1714 suos
433 1651 521 1714 ultra
544 1650 686 1716 Taurum
714 1656 864 1737 regentes
893 1654 993 1718 talem
1023 1674 1096 1718 con·

81 1739 253 1802 tinentiam
287 1738 416 1803 scribit:
448 1737 643 1804 Nuntiatum
679 1741 741 1805 sibi
770 1740 993 1806 Alexandrum
1020 1741 1096 1806 Phi-

81 1827 180 1910 lippi,
221 1828 434 1892 insanientem
476 1827 649 1892 admodum
686 1828 941 1913 adolescentem,
981 1828 1095 1894 Asiam

51 1916 308 1980 -incursantem
354 1915 460 2000 Igitur
488 1937 557 1980 sese
588 1920 737 2001 oportere
763 1938 835 1981 eum
863 1918 1012 2017 protinus
1041 1919 1096 1981 ob·

82 2003 209 2069 viantes
233 2003 450 2087 compeditum
478 2003 519 2069 ad
543 2025 613 2068 sese
637 2004 790 2089 dirigere.
818 2025 888 2068 esse
918 2004 1003 2069 enim
1025 2005 1095 2089 regi
1109 2030 1136 2068 so

81 2092 265 2176 consilium,
290 2092 339 2157 uti
363 2093 507 2158 adfectus
531 2093 718 2157 verberibus
742 2091 922 2176 puerilibus
946 2093 1095 2157 amictus-

82 2203 142 2265 que
161 2185 237 2264 post
250 2185 340 2246 veste
355 2202 518 2267 purpurea
537 2201 611 2245 eum
628 2181 705 2246 talis
725 2184 758 2245 et
776 2181 981 2266 crepitaculis
998 2182 1095 2246 matri

81 2269 248 2334 reddatur:
273 2271 318 2334 sic
341 2270 427 2335 enim
451 2269 664 2335 Macedonum
687 2292 805 2353 pueros
829 2271 973 2336 lusitare.
1009 2269 1093 2336 Tum

81 2357 150 2422 fore
168 2360 215 2443 ut,
234 2380 306 2423 cum
325 2359 374 2423 illi
388 2359 571 2443 praefectus
591 2359 632 2424 ad
647 2359 832 2425 observant
807 2364 888 2425 tram
903 2360 1093 2444 disciplinae

82 2445 181 2511 Persa
209 2447 325 2531 aliquis
354 2448 578 2534 comitaretur,
606 2448 697 2513 virile
727 2449 868 2514 officium
896 2451 1016 2515 rectius
1046 2449 1092 2514 di·
1108 2473 1134 2514 aa

82 2540 195 2600 sceret.
235 2535 341 2621 Igitur
364 2541 512 2621 oportere
536 2542 685 2622 satrapas
709 2538 839 2623 quidem
863 2538 1001 2602 classem
1025 2539 1093 2602 eius

81 2646 236 2688 unacum
254 2624 373 2689 navitis
393 2626 460 2692 alto
480 2626 697 2711 submergere,
720 2626 842 2691 milites
861 2647 938 2690 vero
958 2631 1094 2691 cunctos

80 2711 166 2778 ferro
191 2713 315 2778 vinctos
344 2714 385 2778 ad
408 2714 512 2779 Rubri
539 2716 640 2780 maris
668 2715 824 2779 ulteriora
851 2713 1046 2815 transduci,
1056 2717 1094 2777 ut

22 2822 26 2827 ·
80 2800 148 2865 illic
176 2802 281 2866 colere
308 2802 514 2886 iuberentur3
543 2824 641 2886 equos
670 2806 839 2903 ceteraque
867 2802 1046 2866 militum
1036 2824 1094 2864 1m·

79 2889 266 2973 pedimenta
230 2890 384 2954 tsibi'
375 2913 465 2992 ipsos
492 2890 612 2955 habere
635 2891 746 2975 privos
770 2889 945 2973 amicisque
970 2889 1094 2974 largiri.
1107 2917 1134 2958 ιι

80 2974 143 3041 Sed
170 2977 260 3042 hisce
287 2978 342 3043 litt
329 2979 407 3047 teris
434 2980 571 3044 nihilum
603 2979 643 3043 ad
673 2983 797 3043 metum
828 2981 980 3062 satrapae
1011 2979 1094 3042 moti
1112 2995 1156 3047 49

170 3168 387 3224 brotunditatis
406 3170 442 3226 A.
486 3170 621 3240 ‘lQuodq
621 3186 657 3225 ue
675 3170 704 3225 id
724 3171 757 3225 P.
796 3175 829 3224 10
847 3168 971 3240 pretium
990 3184 1040 3224 om.
1060 3168 1092 3224 P.

80 3237 224 3294 servitutis
243 3240 345 3296 Eberb.
378 3240 508 3296 servituti
525 3242 562 3296 A.
571 3241 603 3296 P

168 3309 217 3366 41.
252 3317 284 3365 19
304 3327 364 3366 sese
379 3312 411 3366 P.
440 3329 468 3366 se
483 3313 518 3368 A
572 3318 606 3367 20
625 3310 818 3383 compeditum
832 3311 989 3381 Landgraf.
1018 3326 1092 3365 com-

77 3382 191 3468 portum
213 3382 249 3436 A.
258 3383 291 3438 P.
325 3398 422 3452 correp
424 3384 484 3437 tum
508 3383 610 3440 Eberh.
701 3390 735 3438 22
756 3383 822 3438 talis
849 3382 884 3436 P
916 3382 1031 3437 tabellis
1056 3383 1092 3438 A

79 3446 273 3578 dorpeqqilovc
292 3401 428 3582 θιὲιιιΡ
450 3460 483 3509 27
502 3454 605 3510 navitis
623 3455 659 3509 A.
687 3453 784 3509 nautis
805 3455 841 3510 Ρ
898 3460 934 3508 ἰι
952 3455 987 3508 ιι
1000 3454 1103 3506 estana

80 3539 152 3588 quae
275 3530 307 3578 31
347 3542 372 3579 ιι

938 3612 974 3663 Ψ
