2414 3826
133 165 198 230 218
253 161 432 220 anscote
449 162 664 218 naaxanoar
682 164 732 218 an
751 121 1019 220 narsroraaan.

132 330 167 394 in
190 351 247 394 ora
270 329 444 411 oculosque
467 330 598 392 nostros
620 327 823 410 resiliebant,
851 327 968 411 pedum
993 326 1147 391 binorum

131 421 299 482 ternorum
323 441 342 482 a
365 419 454 480 terra
476 416 674 501 ferebantur,
697 419 788 480 scuta
812 417 996 500 clipeosque
1015 418 1147 480 nostros

132 505 242 570 caudis
267 504 427 570 crudelem
457 504 491 570 in
514 505 645 569 modum
667 505 893 570 verberabant
938 503 1000 580 Qui
1026 504 1148 588 partim

134 595 274 678 sagittis,
298 594 416 678 partim
440 594 545 658 contis
566 593 761 658 militaribus
781 594 1038 678 configebantur.
1076 592 1148 657 Per-

106 683 200 746 edidi
222 683 259 746 in
286 704 324 747 eo
348 682 525 746 certamine
553 682 708 747 ducentos
736 704 793 746 sex
820 682 940 746 milites
968 681 1148 746 bestiarum

132 772 301 854 utriusque
321 771 448 856 generis
471 792 591 836 morsu.
632 769 816 836 Occidimus
840 771 879 835 ad
900 770 1148 853 quatuordecim

132 860 232 924 milia.

176 1008 182 1018 .
220 948 301 1013 Inde
325 948 366 1014 ad
386 947 517 1012 Oclivas
539 947 660 1011 flumen
678 947 834 1030 venimus,
858 947 942 1030 quod
967 947 1039 1012 sine
1062 948 1147 1012 flexu

132 1042 218 1102 recte
247 1038 288 1102 ad
316 1059 471 1102 oceanum
494 1037 672 1118 ferebatur,
699 1036 803 1099 latum
826 1035 939 1100 stadiis
968 1035 1010 1099 ad
1039 1035 1147 1119 ripam

92 1151 118 1191 ιο
133 1127 268 1192 alteram
295 1127 425 1210 viginti3
456 1125 641 1191 vestiebant
670 1145 744 1188 eum
771 1124 946 1188 arundines
974 1125 1064 1189 altae
1092 1146 1148 1209 per

132 1216 257 1299 littora,
286 1236 422 1298 quarum
449 1236 548 1279 unam
573 1213 710 1298 triginta
737 1212 861 1276 milites
884 1212 938 1277 vix
962 1212 1050 1277 ferre
1075 1235 1147 1296 pos·

133 1308 215 1370 sent.
269 1302 479 1368 Excedebant
513 1304 623 1366 autem
658 1302 811 1366 arborum
843 1300 1147 1384 procerissimarum

131 1392 345 1456 altitudinem.
385 1389 426 1454 In
448 1389 500 1453 his
523 1389 737 1454 arundinibus
761 1392 899 1454 stratum
917 1391 1149 1473 potentissimo

133 1480 229 1543 ebore
266 1479 416 1543 vidimus.
469 1477 705 1543 Inhabitabant
741 1478 828 1543 enim
863 1478 972 1543 locum
1009 1480 1148 1544 eundem

91 1567 224 1633 remilia
257 1567 501 1650 elephantorum
532 1569 717 1653 innumera,
752 1568 808 1651 qui
843 1589 904 1632 nos
936 1569 1049 1633 nescio
1083 1590 1147 1652 quo

131 1656 217 1720 facto
241 1677 300 1720 neo
322 1656 465 1721 lacerare
488 1657 702 1740 temptabant.
744 1656 899 1739 Alioquin
922 1656 1147 1722 crudelissime

130 1745 306 1827 percalcati
334 1767 470 1811 eramus.
520 1744 633 1810 Multis
661 1745 807 1811 collectis
836 1745 987 1810 dentibus
1019 1746 1147 1812 ratibus

131 1854 170 1897 ex
194 1835 351 1898 arundine
373 1834 470 1899 factis
493 1834 810 1918 transnavigavimus
835 1855 971 1897 amnem.
1012 1833 1148 1899 Inhabi-

131 1922 249 1987 tabant
271 1923 351 1988 litus
374 1923 508 1988 ulterius
528 1923 601 1987 Indi
624 1924 813 1987 balenarum
837 1922 981 1986 ferarum
1004 1924 1148 1989 contecti

90 2038 117 2078 ao
131 2013 281 2095 pellibus
322 2012 399 2078 Non
417 2012 507 2076 fuere
525 2012 750 2097 inhospitales.
792 2010 854 2087 Qui
872 2010 968 2074 nobis
988 2013 1147 2097 spongias

131 2101 223 2165 albas
246 2121 489 2184 purpureasque
516 2100 552 2165 in
580 2122 696 2165 manus
720 2100 835 2164 dedere
859 2121 932 2163 cum
955 2100 1085 2165 bucinis
1109 2123 1148 2166 ex

131 2209 249 2272 genere
274 2189 455 2254 coclearum
485 2189 648 2272 capientes
678 2187 771 2252 binos
799 2191 974 2270 ternosque
1001 2190 1148 2274 congios,

131 2281 163 2340 et
186 2279 350 2362 stragulae
377 2278 554 2361 mollesque
581 2277 708 2342 tunicas
737 2299 775 2340 ex
798 2276 977 2340 vitulorum
1006 2279 1147 2343 marino·

130 2386 203 2428 rum
221 2366 362 2448 pellibus
381 2365 496 2448 factas,
514 2366 639 2429 cocleas
652 2369 821 2449 praeterea
840 2364 1032 2429 sextariales
1054 2388 1146 2432 escae

88 2480 117 2520 aa
130 2452 381 2535 pulcherrimae,
406 2454 484 2516 item
507 2475 630 2518 vermes
662 2476 701 2519 ex
723 2454 795 2537 ipso
818 2453 950 2518 flumine
974 2458 1147 2539 extractos,

220 2685 234 2732 1
253 2678 395 2748 binorum]
410 2680 454 2734 bis
466 2679 494 2735 0.
532 2687 548 2735 2
567 2696 585 2733 a
598 2681 673 2734 terra
684 2679 712 2734 O.
731 2680 839 2748 impetu
849 2681 880 2734 V.
901 2697 952 2735 om.
966 2701 996 2735 ω.
1003 2680 1043 2736 Η.
1065 2684 1147 2737 scuta

129 2766 177 2805 om.
197 2750 225 2805 0.
285 2751 419 2806 scandis
437 2767 488 2806 om.
504 2751 533 2807 0.
564 2751 648 2806 crude
664 2750 692 2805 0.
747 2751 963 2822 militaribus]
984 2752 1146 2808 militaton'-

128 2820 181 2875 bus
200 2822 235 2876 B.
243 2824 285 2877 M.
320 2821 428 2878 cunctis
445 2821 646 2877 militaturibus
664 2821 699 2876 L.
732 2821 950 2877 conficiebantur
965 2822 1005 2877 H.
1044 2829 1146 2892 tque·

128 2892 299 2963 tuordecim]
320 2895 442 2948 sedecim
460 2892 499 2947 H
546 2899 562 2948 8
583 2891 695 2948 Oclivaa
710 2913 740 2946 ω.
761 2893 875 2960 oclyvas
891 2894 919 2949 0.
939 2893 1091 2950 occlaudaa
1104 2894 1144 2950 H.

128 2963 203 3017 flexu
221 2964 338 3020 L.V.H.
361 2966 437 3019 fluxu
455 2964 580 3018 Ram.
603 2961 707 3018 reflexu
727 2962 755 3019 0.
804 2971 837 3019 10
856 2963 931 3019 altae
953 2963 987 3021 G.
1019 2964 1144 3021 ACCGC.

128 3034 257 3089 L.M.B.
296 3052 329 3090 ac
347 3037 489 3090 trecentae
512 3034 589 3090 VH.
613 3037 756 3090 trecentae
776 3036 806 3090 0.
865 3041 897 3088 11
918 3035 965 3090 vix
983 3037 1058 3092 ferre
1077 3036 1144 3093 mV.

128 3105 200 3160 ferre
214 3105 307 3161 nonO.
346 3112 378 3161 12
394 3104 501 3176 autem]
513 3106 586 3160 enim
595 3104 635 3158 H.
663 3105 886 3174 procerissimam
895 3106 924 3161 0.
963 3112 998 3161 14
1013 3107 1145 3162 aboreH.

127 3175 213 3231 eboro
237 3178 271 3232 L.
300 3193 366 3232 eruo
390 3178 424 3231 B.
454 3193 520 3231 euro
546 3182 592 3230 cet.
692 3182 725 3230 16
744 3176 867 3232 lacerare
891 3197 921 3232 ω.
948 3179 1090 3233 lacessere
1117 3178 1145 3233 0.

130 3253 163 3301 lv
191 3247 342 3316 percultati
366 3249 406 3303 H.
438 3246 560 3316 perculsi
583 3246 615 3301 V.
653 3262 775 3301 essemus
804 3248 833 3303 0.
907 3253 940 3302 18
964 3266 1078 3305 amnem
1104 3248 1146 3303 in·

128 3317 324 3372 habitantibus
347 3319 465 3373 ulterius
488 3317 564 3372 india
589 3317 736 3372 beluarum
759 3319 881 3373 ferarum
905 3319 1043 3376 contectis
1063 3320 1146 3390 pelli·

127 3388 181 3443 bus
191 3390 231 3444 H.
268 3396 303 3444 20
318 3390 372 3445 Sed
385 3407 442 3446 non
455 3387 482 3445 O.
520 3395 553 3442 21
569 3389 882 3458 etgenereB.G.V.H.
920 3395 954 3443 22
972 3392 1146 3462 coclearum]

129 3463 280 3515 condamm
302 3462 336 3515 L.
374 3462 544 3525 coclearum,
567 3461 599 3514 in
621 3477 708 3530 marc.
732 3462 777 3515 vel
801 3460 959 3516 conclarum
985 3462 1019 3516 G.
1058 3464 1146 3518 chon·

118 3530 250 3587 aliorum
278 3533 307 3592 V.
384 3539 418 3590 23
439 3532 571 3604 stragula
589 3530 620 3586 C.
690 3536 727 3584 ‘tt
746 3532 866 3584 extracti
880 3532 1032 3598 teatrmtos
1053 3534 1145 3604 VH.)
