2414 3826
205 185 379 243 EPISTOLA
397 187 613 242 ALEXANDRI
631 188 680 243 AD
700 186 963 242 ARISTOTELEM.
1021 189 1084 253 211

75 351 281 433 ferarumque
304 350 376 414 loca
400 349 599 414 deduxerunt
621 351 655 414 in
678 371 869 434 proxumam
893 352 1013 417 oraculi
1039 373 1086 416 se-

75 440 157 504 dem.
199 437 247 502 De
268 439 385 522 quibus
409 437 487 502 feris
512 443 544 502 et
567 440 781 522 serpentibus,
805 439 881 523 quia
899 440 1088 505 innumerae

75 532 109 593 et
132 527 242 592 Indica
265 528 378 611 lingua
400 532 494 591 erant
512 527 685 611 vocitatas,
710 528 915 592 scribendum
938 529 1000 592 tibi
1023 551 1087 593 non

74 616 196 702 putavi.

166 703 247 769 (lum
267 707 376 768 autem
395 703 730 788 adpropinquaremus
750 704 790 768 ad
809 705 975 790 regionem
994 706 1116 771 nobiss

75 793 287 878 praedictam,
310 792 449 856 vidimus
471 792 609 856 feminas
633 793 783 876 virosque
807 795 933 877 aliquos
956 796 1090 878 panthe-

75 905 148 948 rum
178 886 211 945 et
239 880 395 965 tigridum
423 881 563 964 pellibus
593 884 767 945 contectos.
813 880 895 946 Cum
923 905 1091 967 quaerere·

75 994 161 1054 mus,
191 970 323 1054 quinam
354 969 523 1033 hominum
552 973 674 1054 essent,
703 969 802 1035 Indos
831 992 864 1034 se
893 993 953 1035 sua
978 972 1091 1056 lingua

79 1082 151 1124 esse
174 1059 334 1123 dicebant.
376 1057 482 1123 Locus
507 1062 616 1122 autem
640 1062 710 1122 erat
728 1059 848 1144 largus,
871 1063 942 1124 ture
963 1063 997 1123 et
1014 1082 1090 1143 opo-

76 1149 227 1213 balsamo
247 1147 406 1211 immenso
427 1146 622 1231 abundabat,
641 1169 722 1231 quae
740 1148 881 1232 plurima
899 1149 999 1212 ramis
1019 1170 1132 1214 suo-10

76 1260 150 1301 rum
170 1236 426 1301 innascebantur
444 1257 622 1301 nemorum.
662 1236 747 1301 Exin
770 1238 857 1302 vesci
881 1237 1005 1302 incolae
1025 1239 1092 1301 eius

77 1325 221 1411 regionis
241 1328 486 1390 consueverant.
527 1324 572 1389 Et
595 1347 667 1390 eum
687 1325 863 1390 sacrarium
886 1326 980 1390 nobis
999 1347 1093 1410 prae-

78 1415 201 1479 dictum
234 1417 267 1477 et
299 1413 410 1477 multis
444 1412 648 1499 incognitum
681 1415 940 1499 incessissemus,
974 1415 1092 1498 pedum

78 1503 218 1587 amplius
243 1501 352 1566 decem
378 1504 506 1567 statura
530 1502 636 1586 altior,
658 1503 752 1587 nigro
773 1525 916 1586 corpore,
939 1503 1091 1569 dentibus

77 1592 203 1656 caninis
225 1590 362 1655 antistes
382 1591 505 1655 oraculi
525 1592 675 1674 apparuit
692 1591 867 1675 perforatis
888 1593 1030 1676 auribus,
1054 1615 1092 1657 ex
1107 1611 1132 1654 15

77 1681 195 1764 quibus
224 1679 359 1744 uniones
383 1679 568 1763 pendebant
597 1680 764 1764 anulique,
793 1683 825 1745 et
853 1685 923 1746 erat
949 1683 1091 1766 pellibus

76 1770 225 1834 vestitus.
274 1767 383 1853 Atque
410 1789 483 1833 cum
512 1790 563 1832 me
591 1790 681 1834 more
709 1768 818 1854 gentis
845 1769 933 1834 illius
963 1771 1097 1855 rituque

79 1858 246 1939 salutaret,
265 1861 388 1922 metum
408 1856 615 1921 simulatione
634 1857 828 1940 silentioque
846 1858 922 1923 texi.
953 1858 999 1923 Et
1018 1880 1091 1922 oum

78 1947 306 2030 interrogaret,
329 1949 365 2010 ut
388 1945 464 2029 quid
488 1966 525 2010 eo
549 1946 719 2030 venissem,
743 1946 809 2009 dixi
832 1966 883 2010 me
907 1946 1091 2028 cupientem

76 2035 234 2118 inspicere
264 2056 371 2099 sacras
401 2034 532 2098 arbores
561 2032 645 2098 Solis
676 2037 708 2098 et
735 2032 855 2099 Lunae.
905 2033 989 2098 Tum
1017 2035 1089 2099 bar·
1104 2054 1130 2095 ro

75 2124 173 2188 barus
199 2122 249 2188 ‘Si
269 2145 289 2187 a
308 2124 396 2188 coitu
414 2123 506 2206 pueri
514 2121 534 2203 ,'
558 2123 671 2208 inquit,
696 2121 740 2187 ‘et
763 2122 919 2186 feminino
938 2125 1090 2188 contactu

75 2233 186 2295 vasae,
210 2211 288 2276 licet
311 2211 434 2276 intrare
458 2211 601 2275 divinum
624 2210 753 2277 locum?
800 2209 1014 2295 Secutumque
1037 2234 1089 2276 me
1118 2243 1121 2252 ·

76 2322 148 2365 cum
173 2301 285 2365 amicis
309 2304 342 2365 et
366 2322 437 2365 oum
460 2300 765 2365 commilitatoribus
790 2299 918 2364 circiter
935 2301 1088 2365 trecentis

75 2389 234 2473 deponere
265 2389 378 2455 anulos
407 2394 583 2474 vestesque
605 2393 737 2455 cunctas
767 2411 840 2455 cum
868 2389 1087 2455 calciamentis

75 2479 257 2561 imperavit.
293 2479 464 2563 Imperavi,
482 2500 540 2562 per
558 2480 668 2545 omnia
685 2479 829 2545 hominis
847 2483 884 2543 ut
901 2501 1087 2564 pareremus
1101 2497 1128 2539 2⁶

71 2704 244 2774 serpentium
272 2706 448 2774 ferarumque
473 2706 638 2774 plerumque
664 2704 857 2760 habundantia
879 2721 1014 2772 aquarum
1038 2706 1086 2760 du·

71 2777 173 2830 xerunt
189 2775 218 2831 V.
257 2776 439 2830 ainnumera
459 2775 487 2830 0.
525 2776 700 2831 tuccitatae
719 2775 758 2830 H.
777 2774 902 2828 vocitata
920 2779 966 2830 cet.
1004 2779 1087 2830 bau·

70 2849 129 2901 tem
149 2861 199 2898 om.
220 2847 294 2900 ω.Η,
332 2844 618 2916 appropinquaremus
642 2844 751 2916 regioni
775 2862 792 2899 a
815 2843 896 2898 nobis
920 2845 1026 2914 petitae
1046 2846 1085 2902 H.

71 2917 187 2971 9lucus
206 2916 245 2969 H.
307 2922 339 2970 10
358 2916 481 2987 suorum]
502 2932 597 2970 eorum
616 2916 655 2970 H.
716 2914 925 2970 mariadoc.
989 2923 1021 2970 12
1041 2932 1085 2970 sa-

71 2986 193 3041 crarium
214 2985 242 3041 0.
269 2986 402 3041 serarium
422 3008 452 3041 ω.
479 2986 629 3041 cessarium
648 2986 685 3040 H.
712 2986 766 3041 iter
785 2986 816 3041 V.
895 2992 927 3040 16
947 2988 1085 3056 dependo-

69 3057 180 3113 bantO.
220 3063 253 3112 17
268 3056 360 3126 gentis
373 3057 450 3111 illius
464 3057 636 3114 om.or.V.H.
676 3062 709 3112 18
724 3057 875 3113 salutasset
883 3057 911 3114 0.
940 3063 1045 3113 metum
1055 3058 1085 3113 0.

70 3132 100 3185 et
126 3146 235 3184 meeum
261 3129 295 3182 L.
304 3128 424 3184 G.M.V.
467 3129 525 3183 texi
551 3128 580 3184 0.
605 3129 677 3183 texit
704 3134 751 3184 cet.
796 3132 900 3184 metum
918 3133 996 3182 -et
1021 3146 1084 3183 cum

71 3217 121 3256 om.
142 3201 180 3256 H.
288 3205 320 3254 19
339 3199 457 3268 utquid
477 3199 505 3255 0.
534 3199 602 3268 quid
620 3200 796 3256 L.M.B.H.
824 3200 900 3270 quod
921 3201 953 3255 G.
983 3217 1031 3254 cur
1051 3199 1083 3255 V.

71 3288 105 3327 eo
121 3273 197 3327 ΟΜ.
222 3287 275 3341 ego
289 3272 323 3326 L.
333 3271 408 3326 HR.
417 3271 493 3327 ΚΗ.
553 3276 588 3324 20
607 3272 713 3343 sacras]
734 3288 809 3326 seras
823 3291 853 3326 ω.
909 3278 942 3325 21
962 3271 1083 3326 femineo

72 3343 146 3400 UH.
190 3349 223 3397 22
243 3343 311 3398 lieet
324 3342 430 3398 intrare
445 3343 473 3398 0.
501 3342 608 3397 seilicet
625 3342 766 3397 intercede
781 3339 847 3398 mV.
874 3341 983 3397 scilicet
997 3341 1083 3396 intra·

70 3413 113 3469 bis
132 3415 172 3470 H.
201 3413 373 3482 Secutusque
392 3432 436 3469 me
456 3431 519 3468 cum
539 3412 568 3470 0.
594 3413 760 3468 Astantibus
779 3414 818 3467 H.
872 3419 906 3468 23
926 3430 989 3468 cum
1009 3428 1081 3467 oom-

71 3485 272 3541 militatoribus
291 3487 332 3543 M.
366 3504 429 3542 cum
448 3484 648 3540 militatoribus
667 3483 831 3541 ΜΒΝ,
861 3501 934 3536 eum
953 3481 1101 3554 eommut-

70 3556 184 3612 tonibus
200 3556 271 3612 meis
292 3557 319 3613 0.
426 3563 461 3616 25
479 3557 614 3617 homines
633 3557 670 3614 L.
693 3553 873 3612 ueniamus
891 3552 933 3603 (it.
952 3550 1059 3597 *eam
1067 3551 1132 3602 qu

917 3631 976 3685 W*
