2414 3826
107 161 171 226 124
523 159 631 214 LIBER
648 160 695 216 Ill.

105 348 163 410 per
180 326 318 390 litteras.
350 323 458 409 Igitur
476 323 606 389 Indicas
624 323 775 407 regiones
795 323 995 390 incessimus.
1031 321 1064 387 N
1066 345 1118 388 am

106 419 213 480 cetera
243 414 307 478 tibi
335 413 376 479 ad
403 412 607 498 Bragmanae
637 434 737 497 usque
764 413 1005 496 praemiseram.
1056 411 1118 478 His

105 503 242 588 denique
266 503 457 586 penetratis,
485 501 656 566 Prusiacas
680 501 936 584 supervenimus,
965 522 1049 585 quae
1077 501 1119 565 ci·

105 592 190 656 vitas
214 592 306 676 regia
323 592 482 676 quaedam
501 591 614 655 Indiae
631 591 719 655 cluit.
756 588 844 655 Situs
862 610 939 655 vero
964 589 1033 653 eius
1055 589 1120 655 loci

73 681 226 745 carduus
260 684 293 744 et
325 681 366 745 ad
398 679 615 764 promuntorii
646 678 763 744 faciem
794 679 891 763 longe
922 678 1120 761 porrectior3

106 791 184 834 nam
217 774 249 834 et
281 770 364 834 mari
395 769 544 833 imminet
576 767 765 833 subiacenti.
818 766 995 832 Enimvero
1033 766 1120 850 quod

106 860 203 926 istum
236 859 348 924 colunt
376 858 545 924 hominum
574 857 700 923 nescias
728 855 927 924 invisitatius
958 877 1000 920 an
1030 855 1120 921 inau-

106 950 206 1016 ditius
230 971 346 1037 genus3
374 950 472 1035 hique
501 953 579 1015 sunt
601 949 761 1032 promisce
786 971 891 1014 mares
916 952 1013 1034 atque
1037 945 1120 1014 alius

108 1063 216 1123 sexus,
240 1063 352 1107 omnes
370 1045 481 1106 tamen
500 1040 539 1104 ad
559 1039 720 1105 nostratia
739 1059 885 1123 corpora,
907 1038 1023 1123 quibus
1044 1043 1121 1103 sunt

67 1149 93 1190 ro
107 1130 257 1212 feminae,
280 1130 455 1196 molliores.
500 1128 586 1194 Nam
615 1130 762 1193 etvetus
791 1148 897 1192 sermo
925 1149 980 1206 eos
1003 1128 1121 1192 molles

108 1216 250 1301 Sabaeos
282 1219 435 1303 appellat.
483 1216 544 1283 Sed
574 1216 658 1282 nihil
689 1217 778 1282 aliud
807 1216 908 1281 ferme
939 1217 979 1282 ad
1011 1216 1121 1281 cibum

106 1312 227 1372 norunt
248 1310 379 1390 praeter
401 1307 539 1390 piscium
560 1327 687 1392 genera,
711 1327 849 1392 quorum
871 1306 937 1370 illis
960 1306 1064 1371 multa
1088 1308 1122 1370 et

108 1394 213 1459 facilis
244 1394 441 1459 abundantia
472 1399 530 1461 est.
581 1395 659 1462 Fuit
690 1397 792 1481 igitur
822 1395 903 1461 mihi
935 1394 977 1460 ad
1009 1415 1122 1460 eorum

107 1482 235 1547 fabulas
259 1483 428 1568 diligentia
451 1487 483 1548 et
509 1483 668 1569 interpres
692 1486 842 1551 inventus
866 1487 924 1567 est,
948 1483 1003 1568 qui
1025 1483 1122 1548 nobis

68 1591 94 1632 1⁶
109 1571 201 1635 daret
224 1593 296 1635 cum
319 1571 408 1636 hisce
431 1572 579 1638 barbaris
602 1573 752 1638 fabulari.

202 1658 258 1725 15.
296 1657 441 1745 (lamque
465 1663 585 1727 multus
610 1665 643 1726 et
664 1664 773 1728 varius
797 1683 902 1726 sermo
925 1661 1123 1746 procederet,
1140 1671 1180 1724 24.

107 1749 216 1813 locum
239 1749 363 1813 interea
381 1750 542 1834 quendam
564 1751 690 1815 insulae
708 1754 930 1816 monstravere
943 1772 1072 1815 -nam
1095 1752 1124 1815 is

109 1838 209 1903 etiam
230 1838 357 1903 eminus
380 1839 547 1904 visebatur
562 1874 612 1921 -‚
636 1841 721 1923 quod
745 1861 815 1905 esse
835 1839 985 1904 dicebant
1002 1841 1124 1905 veteris

109 1926 276 1992 cuiusdam
304 1927 391 2011 regis
419 1928 562 1993 indidem
590 1932 849 2011 monumentum3
879 1927 913 1991 id
943 1949 1021 1992 auro
1052 1949 1125 1994 esse

68 2034 94 2074 so
109 2019 142 2080 et
165 2017 279 2101 pretiis
303 2017 555 2082 refertissimum
574 2017 721 2083 conditis.
759 2015 841 2081 Oum
860 2017 921 2082 hoc
939 2018 1125 2083 naturalem

108 2105 277 2169 hominum
300 2107 352 2169 vel
380 2106 584 2192 diligentiam
612 2106 647 2169 in
675 2107 798 2170 nostris
821 2107 874 2170 vel
901 2105 1124 2188 adpetentiam

107 2194 327 2276 promovisset
354 2197 567 2278 certatimque
594 2193 838 2276 festinaremus,
866 2216 943 2279 pars
972 2193 1125 2260 visendae

109 2281 216 2345 eiusce
234 2280 360 2344 insulae
379 2283 431 2345 vel
450 2283 621 2366 sepulchri,
639 2305 716 2367 pars
734 2305 811 2349 vero
829 2284 881 2347 vel
899 2282 1033 2366 plurimi
1051 2284 1125 2348 auri

109 2368 209 2431 etiam
228 2367 394 2451 aviditate,
417 2373 451 2433 et
475 2392 531 2454 spe
554 2371 705 2454 potiundi
727 2372 793 2437 iam
818 2371 935 2436 animis
955 2368 1129 2456 gestienti·'

68 2475 95 2517 25
109 2454 180 2536 bus,
202 2459 333 2539 repente
358 2457 498 2542 barbari,
523 2458 578 2542 qui
600 2460 663 2524 loci
687 2460 755 2526 eius
774 2460 897 2525 indices
915 2459 1055 2543 fucrant,
1077 2461 1124 2526 di·

108 2543 266 2608 labuntur
297 2565 378 2628 eque
411 2546 621 2631 inconspectu
653 2552 765 2614 nostro
794 2549 955 2613 incertum
981 2569 1125 2632 quanam

109 2633 279 2698 maiestate
304 2639 507 2720 evanescunt,
530 2636 651 2702 relictis
676 2659 753 2702 sane
771 2636 929 2702 naviculis
948 2637 1124 2703 admodum

108 2722 219 2805 parvis
242 2723 367 2788 duabus
391 2745 429 2789 ac
452 2725 576 2809 decem,
604 2726 719 2809 quihus
743 2726 866 2790 vectari
890 2725 979 2790 soliti
1002 2725 1123 2790 intelli·

109 2810 278 2894 gebantnr.
322 2810 429 2897 Igitur
456 2834 521 2878 una
549 2835 674 2878 meeum
702 2836 775 2879 cum
804 2815 900 2879 amici
928 2814 969 2879 ad
997 2818 1123 2898 specta·
1141 2823 1186 2874 25.

199 2965 364 3022 lineessim
379 2969 415 3022 B.
456 2975 580 3038 ausque
595 2969 632 3024 ad
645 2969 811 3024 bracmanas
825 2970 899 3025 RB.
938 2968 1124 3025 3Prasiaeae

108 3035 181 3091 Mai.
214 3037 341 3106 parsiaoe
360 3039 437 3094 AB.
446 3041 482 3093 P.
572 3045 589 3093 4
612 3040 668 3095 loci
686 3039 769 3095 huius
789 3043 824 3097 P.
851 3039 928 3096 Situs
952 3040 1067 3095 situloci
1087 3041 1124 3096 B.

109 3110 125 3158 5
153 3108 363 3176 promunctoria
390 3110 426 3163 B.
473 3111 532 3166 Hic
558 3112 659 3179 finitur
686 3113 802 3167 alterum
828 3113 929 3180 folium
955 3112 1122 3167 Boauleense.

110 3182 124 3230 7
143 3177 305 3233 inusitatius
317 3180 351 3235 P.
384 3185 401 3234 8
419 3181 491 3236 alius
506 3198 611 3236 sexuse
629 3198 653 3237 o.
673 3182 751 3237 aliud
766 3200 844 3238 secus
854 3184 889 3240 A.
898 3183 932 3237 P.
969 3188 1003 3236 10
1021 3181 1124 3238 molles

109 3245 282 3303 abeosabeos
296 3251 331 3305 A.
406 3256 440 3306 14
458 3253 588 3307 inventus
634 3293 640 3307 .
668 3256 768 3309 ventus
788 3256 823 3308 A.
899 3259 931 3308 15
950 3253 994 3307 hie
1016 3253 1050 3308 P.

199 3318 247 3375 15.
281 3326 314 3376 1⁷
333 3321 357 3375 is
377 3322 450 3377 Mai.
479 3323 524 3376 his
543 3324 618 3378 ΑΡ.
664 3328 700 3378 20
719 3325 839 3379 conditis
857 3326 928 3380 Mai.
959 3323 1069 3380 conditi
1087 3323 1124 3379 A.

108 3402 159 3442 cm.
178 3389 211 3443 P.
240 3391 293 3445 hoc
311 3407 361 3447 om.
381 3392 416 3446 A.
467 3399 502 3449 22
520 3393 706 3463 permovisset
724 3396 759 3450 P.
810 3402 843 3450 23
863 3396 923 3450 eius
944 3395 977 3451 P.
1027 3401 1062 3450 26
1081 3395 1123 3449 in·

108 3461 213 3511 certum
232 3460 289 3516 Mr.
317 3461 452 3518 infertum
472 3465 506 3521 P.
534 3465 644 3520 incerta
662 3466 698 3521 A.
777 3471 813 3520 ‘28
831 3465 1067 3533 intelligabantur
1085 3465 1123 3521 A

89 3529 130 3575 29
148 3541 212 3580 cum
231 3545 282 3586 om.
304 3533 338 3588 P.
985 3544 996 3560 ⁶
