<?xml version="1.0" encoding="UTF-8"?>
<!DOCTYPE html PUBLIC "-//W3C//DTD XHTML 1.0 Transitional//EN"
    "http://www.w3.org/TR/xhtml1/DTD/xhtml1-transitional.dtd">
<html xmlns="http://www.w3.org/1999/xhtml" xml:lang="en" lang="en">
 <head>
  <title>
</title>
<meta http-equiv="Content-Type" content="text/html;charset=utf-8" />
  <meta name='ocr-system' content='tesseract 3.04.00' />
  <meta name='ocr-capabilities' content='ocr_page ocr_carea ocr_par ocr_line ocrx_word'/>
</head>
<body>
  <div class='ocr_page' id='page_1' title='image "./iulivalerialexa00valegoog_0180.png"; bbox 0 0 2414 3826; ppageno 0'>
   <div class='ocr_carea' id='block_1_1' title="bbox 389 182 1079 248">
    <p class='ocr_par' dir='ltr' id='par_1_1' title="bbox 389 182 1079 248">
     <span class='ocr_line' id='line_1_1' title="bbox 389 182 1079 248; baseline 0.014 -10"><span class='ocrx_word' id='word_1_1' title='bbox 389 182 519 238; x_wconf 82' lang='lat' dir='ltr'>OBITUS</span> <span class='ocrx_word' id='word_1_2' title='bbox 538 182 761 238; x_wconf 82' lang='lat' dir='ltr'><strong>ALEXANDRI.</strong></span> <span class='ocrx_word' id='word_1_3' title='bbox 1016 183 1079 248; x_wconf 85' lang='lat'><strong>143</strong></span> 
     </span>
    </p>
   </div>
   <div class='ocr_carea' id='block_1_2' title="bbox 58 343 1158 3000">
    <p class='ocr_par' dir='ltr' id='par_1_2' title="bbox 58 343 1158 3000">
     <span class='ocr_line' id='line_1_2' title="bbox 69 343 1079 430; baseline 0 -19"><span class='ocrx_word' id='word_1_4' title='bbox 69 348 178 411; x_wconf 88' lang='lat' dir='ltr'><strong>aetate</strong></span> <span class='ocrx_word' id='word_1_5' title='bbox 203 345 399 428; x_wconf 82' lang='lat' dir='ltr'><strong>veneranda,</strong></span> <span class='ocrx_word' id='word_1_6' title='bbox 428 348 464 409; x_wconf 90' lang='lat' dir='ltr'><strong>ut</strong></span> <span class='ocrx_word' id='word_1_7' title='bbox 487 343 671 410; x_wconf 80' lang='lat' dir='ltr'><strong>Alexandro</strong></span> <span class='ocrx_word' id='word_1_8' title='bbox 698 345 881 410; x_wconf 81' lang='lat' dir='ltr'>recordanti</span> <span class='ocrx_word' id='word_1_9' title='bbox 905 346 945 410; x_wconf 94' lang='lat' dir='ltr'><strong>ad</strong></span> <span class='ocrx_word' id='word_1_10' title='bbox 969 345 1079 430; x_wconf 89' lang='lat' dir='ltr'><strong>Olym·</strong></span> 
     </span>
     <span class='ocr_line' id='line_1_3' title="bbox 65 433 1077 519; baseline 0.002 -21"><span class='ocrx_word' id='word_1_11' title='bbox 65 434 200 519; x_wconf 87' lang='lat' dir='ltr'><strong>piadam</strong></span> <span class='ocrx_word' id='word_1_12' title='bbox 219 437 358 497; x_wconf 89' lang='lat' dir='ltr'><strong>matrem</strong></span> <span class='ocrx_word' id='word_1_13' title='bbox 378 434 445 497; x_wconf 91' lang='lat' dir='ltr'><strong>eius</strong></span> <span class='ocrx_word' id='word_1_14' title='bbox 461 433 644 498; x_wconf 79' lang='lat' dir='ltr'><strong>aestimatio</strong></span> <span class='ocrx_word' id='word_1_15' title='bbox 661 435 857 516; x_wconf 87' lang='lat' dir='ltr'><strong>conveniret,</strong></span> <span class='ocrx_word' id='word_1_16' title='bbox 875 434 965 499; x_wconf 89' lang='lat' dir='ltr'><strong>dedit</strong></span> <span class='ocrx_word' id='word_1_17' title='bbox 987 458 1077 519; x_wconf 92' lang='lat' dir='ltr'><strong>pror-</strong></span> 
     </span>
     <span class='ocr_line' id='line_1_4' title="bbox 66 521 1078 605; baseline 0.001 -18"><span class='ocrx_word' id='word_1_18' title='bbox 66 544 121 587; x_wconf 90' lang='lat' dir='ltr'><strong>sus</strong></span> <span class='ocrx_word' id='word_1_19' title='bbox 161 522 236 586; x_wconf 90' lang='lat' dir='ltr'><strong>sciri</strong></span> <span class='ocrx_word' id='word_1_20' title='bbox 274 543 344 586; x_wconf 90' lang='lat' dir='ltr'><strong>sese</strong></span> <span class='ocrx_word' id='word_1_21' title='bbox 382 526 415 585; x_wconf 92' lang='lat' dir='ltr'><strong>et</strong></span> <span class='ocrx_word' id='word_1_22' title='bbox 451 522 650 605; x_wconf 82' lang='lat' dir='ltr'><strong>opulentiam</strong></span> <span class='ocrx_word' id='word_1_23' title='bbox 687 544 786 587; x_wconf 87' lang='lat' dir='ltr'><strong>suam.</strong></span> <span class='ocrx_word' id='word_1_24' title='bbox 840 521 965 588; x_wconf 91' lang='lat' dir='ltr'><strong>Domus</strong></span> <span class='ocrx_word' id='word_1_25' title='bbox 1002 546 1078 590; x_wconf 87' lang='lat' dir='ltr'><strong>vcro</strong></span> 
     </span>
     <span class='ocr_line' id='line_1_5' title="bbox 65 610 1078 696; baseline 0.001 -20"><span class='ocrx_word' id='word_1_26' title='bbox 65 611 199 696; x_wconf 85' lang='lat' dir='ltr'><strong>egregio</strong></span> <span class='ocrx_word' id='word_1_27' title='bbox 223 632 319 694; x_wconf 92' lang='lat' dir='ltr'><strong>opere</strong></span> <span class='ocrx_word' id='word_1_28' title='bbox 338 611 505 676; x_wconf 86' lang='lat' dir='ltr'><strong>elaborata</strong></span> <span class='ocrx_word' id='word_1_29' title='bbox 523 610 637 694; x_wconf 82' lang='lat' dir='ltr'><strong>hisque</strong></span> <span class='ocrx_word' id='word_1_30' title='bbox 655 612 796 676; x_wconf 82' lang='lat' dir='ltr'><strong>metallis</strong></span> <span class='ocrx_word' id='word_1_31' title='bbox 818 612 976 696; x_wconf 84' lang='lat' dir='ltr'><strong>insignita</strong></span> <span class='ocrx_word' id='word_1_32' title='bbox 999 617 1078 696; x_wconf 88' lang='lat' dir='ltr'><strong>erat,</strong></span> 
     </span>
     <span class='ocr_line' id='line_1_6' title="bbox 63 698 1104 783; baseline 0.002 -18"><span class='ocrx_word' id='word_1_33' title='bbox 63 703 101 765; x_wconf 92' lang='lat' dir='ltr'><strong>ut</strong></span> <span class='ocrx_word' id='word_1_34' title='bbox 128 699 332 764; x_wconf 88' lang='lat' dir='ltr'><strong>intuentibus</strong></span> <span class='ocrx_word' id='word_1_35' title='bbox 361 698 515 783; x_wconf 88' lang='lat' dir='ltr'><strong>splendor</strong></span> <span class='ocrx_word' id='word_1_36' title='bbox 542 702 675 763; x_wconf 88' lang='lat' dir='ltr'><strong>ornatus</strong></span> <span class='ocrx_word' id='word_1_37' title='bbox 706 700 828 783; x_wconf 87' lang='lat' dir='ltr'><strong>pariter</strong></span> <span class='ocrx_word' id='word_1_38' title='bbox 858 704 891 764; x_wconf 91' lang='lat' dir='ltr'><strong>et</strong></span> <span class='ocrx_word' id='word_1_39' title='bbox 920 701 1104 767; x_wconf 82' lang='lat' dir='ltr'><strong>celsitudos</strong></span> 
     </span>
     <span class='ocr_line' id='line_1_7' title="bbox 65 787 1077 872; baseline 0.002 -19"><span class='ocrx_word' id='word_1_40' title='bbox 65 787 242 853; x_wconf 88' lang='lat' dir='ltr'><strong>moliminis</strong></span> <span class='ocrx_word' id='word_1_41' title='bbox 266 787 406 872; x_wconf 88' lang='lat' dir='ltr'><strong>undique</strong></span> <span class='ocrx_word' id='word_1_42' title='bbox 431 788 510 853; x_wconf 93' lang='lat' dir='ltr'><strong>sudo</strong></span> <span class='ocrx_word' id='word_1_43' title='bbox 529 787 671 871; x_wconf 91' lang='lat' dir='ltr'><strong>quodam</strong></span> <span class='ocrx_word' id='word_1_44' title='bbox 695 792 728 851; x_wconf 92' lang='lat' dir='ltr'><strong>et</strong></span> <span class='ocrx_word' id='word_1_45' title='bbox 751 789 864 871; x_wconf 83' lang='lat' dir='ltr'><strong>ignoto</strong></span> <span class='ocrx_word' id='word_1_46' title='bbox 884 789 1006 855; x_wconf 90' lang='lat' dir='ltr'><strong>lumine</strong></span> <span class='ocrx_word' id='word_1_47' title='bbox 1025 812 1077 856; x_wconf 90' lang='lat' dir='ltr'><strong>co-</strong></span> 
     </span>
     <span class='ocr_line' id='line_1_8' title="bbox 62 875 1076 960; baseline 0.001 -18"><span class='ocrx_word' id='word_1_48' title='bbox 62 880 223 959; x_wconf 89' lang='lat' dir='ltr'><strong>ruscaret,</strong></span> <span class='ocrx_word' id='word_1_49' title='bbox 251 876 333 940; x_wconf 89' lang='lat' dir='ltr'><strong>nihil</strong></span> <span class='ocrx_word' id='word_1_50' title='bbox 361 877 396 940; x_wconf 92' lang='lat' dir='ltr'><strong>in</strong></span> <span class='ocrx_word' id='word_1_51' title='bbox 420 897 490 940; x_wconf 90' lang='lat' dir='ltr'><strong>sese</strong></span> <span class='ocrx_word' id='word_1_52' title='bbox 515 875 624 960; x_wconf 89' lang='lat' dir='ltr'><strong>dispar</strong></span> <span class='ocrx_word' id='word_1_53' title='bbox 652 880 709 940; x_wconf 90' lang='lat' dir='ltr'><strong>aut</strong></span> <span class='ocrx_word' id='word_1_54' title='bbox 732 876 875 941; x_wconf 89' lang='lat' dir='ltr'><strong>alienum</strong></span> <span class='ocrx_word' id='word_1_55' title='bbox 897 879 1076 960; x_wconf 89' lang='lat' dir='ltr'><strong>possidens.</strong></span> 
     </span>
     <span class='ocr_line' id='line_1_9' title="bbox 63 964 1158 1050; baseline -0.001 -19"><span class='ocrx_word' id='word_1_56' title='bbox 63 965 303 1049; x_wconf 82' lang='lat' dir='ltr'><strong>Usquequaque</strong></span> <span class='ocrx_word' id='word_1_57' title='bbox 327 964 478 1029; x_wconf 89' lang='lat' dir='ltr'><strong>lucebant</strong></span> <span class='ocrx_word' id='word_1_58' title='bbox 502 965 611 1029; x_wconf 92' lang='lat' dir='ltr'><strong>omnia</strong></span> <span class='ocrx_word' id='word_1_59' title='bbox 629 968 718 1029; x_wconf 84' lang='lat' dir='ltr'><strong>veste</strong></span> <span class='ocrx_word' id='word_1_60' title='bbox 743 965 854 1049; x_wconf 85' lang='lat' dir='ltr'><strong>serica,</strong></span> <span class='ocrx_word' id='word_1_61' title='bbox 878 966 985 1032; x_wconf 89' lang='lat' dir='ltr'><strong>colore</strong></span> <span class='ocrx_word' id='word_1_62' title='bbox 1004 989 1077 1050; x_wconf 90' lang='lat' dir='ltr'><strong>pur·</strong></span> <span class='ocrx_word' id='word_1_63' title='bbox 1152 970 1158 979; x_wconf 72' lang='grc'>’</span> 
     </span>
     <span class='ocr_line' id='line_1_10' title="bbox 64 1052 1077 1139; baseline 0.001 -21"><span class='ocrx_word' id='word_1_64' title='bbox 64 1075 174 1138; x_wconf 91' lang='lat' dir='ltr'><strong>purea,</strong></span> <span class='ocrx_word' id='word_1_65' title='bbox 191 1054 317 1118; x_wconf 83' lang='lat' dir='ltr'><strong>intexta</strong></span> <span class='ocrx_word' id='word_1_66' title='bbox 332 1075 419 1137; x_wconf 91' lang='lat' dir='ltr'><strong>auro,</strong></span> <span class='ocrx_word' id='word_1_67' title='bbox 438 1054 576 1137; x_wconf 87' lang='lat' dir='ltr'><strong>gemmis</strong></span> <span class='ocrx_word' id='word_1_68' title='bbox 593 1052 746 1137; x_wconf 85' lang='lat' dir='ltr'><strong>admixta,</strong></span> <span class='ocrx_word' id='word_1_69' title='bbox 760 1075 841 1139; x_wconf 89' lang='lat' dir='ltr'><strong>quae</strong></span> <span class='ocrx_word' id='word_1_70' title='bbox 856 1059 946 1119; x_wconf 87' lang='lat' dir='ltr'><strong>veste</strong></span> <span class='ocrx_word' id='word_1_71' title='bbox 961 1059 1077 1138; x_wconf 89' lang='lat' dir='ltr'><strong>coepta</strong></span> 
     </span>
     <span class='ocr_line' id='line_1_11' title="bbox 64 1140 1114 1227; baseline 0 -21"><span class='ocrx_word' id='word_1_72' title='bbox 64 1142 200 1226; x_wconf 86' lang='lat' dir='ltr'><strong>fuerant,</strong></span> <span class='ocrx_word' id='word_1_73' title='bbox 215 1147 249 1206; x_wconf 92' lang='lat' dir='ltr'><strong>et</strong></span> <span class='ocrx_word' id='word_1_74' title='bbox 262 1145 445 1227; x_wconf 88' lang='lat' dir='ltr'><strong>perornata.</strong></span> <span class='ocrx_word' id='word_1_75' title='bbox 479 1140 687 1206; x_wconf 83' lang='lat' dir='ltr'><strong>Gemmarum</strong></span> <span class='ocrx_word' id='word_1_76' title='bbox 703 1163 777 1208; x_wconf 85' lang='lat' dir='ltr'><strong>vero</strong></span> <span class='ocrx_word' id='word_1_77' title='bbox 793 1142 952 1226; x_wconf 88' lang='lat' dir='ltr'><strong>regalium</strong></span> <span class='ocrx_word' id='word_1_78' title='bbox 967 1148 1075 1208; x_wconf 88' lang='lat' dir='ltr'><strong>utrum</strong></span> <span class='ocrx_word' id='word_1_79' title='bbox 1090 1168 1114 1206; x_wconf 75' lang='grc' dir='ltr'><strong>ιο</strong></span> 
     </span>
     <span class='ocr_line' id='line_1_12' title="bbox 63 1231 1076 1316; baseline 0.001 -21"><span class='ocrx_word' id='word_1_80' title='bbox 63 1231 303 1316; x_wconf 84' lang='lat' dir='ltr'><strong>magnitudines</strong></span> <span class='ocrx_word' id='word_1_81' title='bbox 335 1231 505 1315; x_wconf 90' lang='lat' dir='ltr'><strong>mirarere,</strong></span> <span class='ocrx_word' id='word_1_82' title='bbox 539 1252 582 1295; x_wconf 89' lang='lat' dir='ltr'><strong>an</strong></span> <span class='ocrx_word' id='word_1_83' title='bbox 611 1253 687 1296; x_wconf 82' lang='lat' dir='ltr'><strong>uero</strong></span> <span class='ocrx_word' id='word_1_84' title='bbox 721 1232 884 1296; x_wconf 89' lang='lat' dir='ltr'><strong>coloribus</strong></span> <span class='ocrx_word' id='word_1_85' title='bbox 918 1232 1076 1316; x_wconf 89' lang='lat' dir='ltr'><strong>ducerere,</strong></span> 
     </span>
     <span class='ocr_line' id='line_1_13' title="bbox 62 1319 1076 1405; baseline 0.001 -21"><span class='ocrx_word' id='word_1_86' title='bbox 62 1343 104 1385; x_wconf 91' lang='lat' dir='ltr'><strong>an</strong></span> <span class='ocrx_word' id='word_1_87' title='bbox 134 1319 319 1404; x_wconf 84' lang='lat' dir='ltr'><strong>fulgoribus</strong></span> <span class='ocrx_word' id='word_1_88' title='bbox 349 1320 528 1403; x_wconf 82' lang='lat' dir='ltr'><strong>vincerere,</strong></span> <span class='ocrx_word' id='word_1_89' title='bbox 557 1319 710 1384; x_wconf 90' lang='lat' dir='ltr'><strong>iudicium</strong></span> <span class='ocrx_word' id='word_1_90' title='bbox 740 1341 817 1404; x_wconf 87' lang='lat' dir='ltr'><strong>prae</strong></span> <span class='ocrx_word' id='word_1_91' title='bbox 848 1325 979 1405; x_wconf 86' lang='lat' dir='ltr'><strong>stupore</strong></span> <span class='ocrx_word' id='word_1_92' title='bbox 1008 1343 1076 1385; x_wconf 88' lang='lat' dir='ltr'><strong>non</strong></span> 
     </span>
     <span class='ocr_line' id='line_1_14' title="bbox 61 1408 1075 1494; baseline 0.001 -21"><span class='ocrx_word' id='word_1_93' title='bbox 61 1412 141 1476; x_wconf 85' lang='lat' dir='ltr'><strong>erat.</strong></span> <span class='ocrx_word' id='word_1_94' title='bbox 187 1408 278 1473; x_wconf 91' lang='lat' dir='ltr'><strong>Inter</strong></span> <span class='ocrx_word' id='word_1_95' title='bbox 306 1430 420 1472; x_wconf 88' lang='lat' dir='ltr'><strong>aurum</strong></span> <span class='ocrx_word' id='word_1_96' title='bbox 445 1429 522 1472; x_wconf 87' lang='lat' dir='ltr'><strong>sane</strong></span> <span class='ocrx_word' id='word_1_97' title='bbox 544 1431 769 1493; x_wconf 89' lang='lat' dir='ltr'><strong>purpureaque</strong></span> <span class='ocrx_word' id='word_1_98' title='bbox 797 1413 887 1473; x_wconf 86' lang='lat' dir='ltr'><strong>texta</strong></span> <span class='ocrx_word' id='word_1_99' title='bbox 910 1410 962 1474; x_wconf 84' lang='lat' dir='ltr'><strong>vel</strong></span> <span class='ocrx_word' id='word_1_100' title='bbox 985 1431 1075 1494; x_wconf 84' lang='lat' dir='ltr'><strong>gem-</strong></span> 
     </span>
     <span class='ocr_line' id='line_1_15' title="bbox 61 1496 1076 1582; baseline -0.001 -19"><span class='ocrx_word' id='word_1_101' title='bbox 61 1520 133 1563; x_wconf 91' lang='lat' dir='ltr'><strong>mas</strong></span> <span class='ocrx_word' id='word_1_102' title='bbox 157 1497 237 1561; x_wconf 91' lang='lat' dir='ltr'><strong>ebur</strong></span> <span class='ocrx_word' id='word_1_103' title='bbox 252 1497 413 1580; x_wconf 88' lang='lat' dir='ltr'><strong>-multum,</strong></span> <span class='ocrx_word' id='word_1_104' title='bbox 441 1496 497 1561; x_wconf 90' lang='lat' dir='ltr'><strong>sed</strong></span> <span class='ocrx_word' id='word_1_105' title='bbox 525 1497 560 1560; x_wconf 89' lang='lat' dir='ltr'><strong>in</strong></span> <span class='ocrx_word' id='word_1_106' title='bbox 588 1499 684 1562; x_wconf 90' lang='lat' dir='ltr'><strong>ebore</strong></span> <span class='ocrx_word' id='word_1_107' title='bbox 712 1498 833 1563; x_wconf 81' lang='lat' dir='ltr'><strong>viseres</strong></span> <span class='ocrx_word' id='word_1_108' title='bbox 861 1498 941 1562; x_wconf 90' lang='lat' dir='ltr'><strong>artis</strong></span> <span class='ocrx_word' id='word_1_109' title='bbox 969 1499 1076 1582; x_wconf 90' lang='lat' dir='ltr'><strong>pretia</strong></span> 
     </span>
     <span class='ocr_line' id='line_1_16' title="bbox 61 1584 1114 1672; baseline 0.002 -22"><span class='ocrx_word' id='word_1_110' title='bbox 61 1586 196 1652; x_wconf 86' lang='lat' dir='ltr'><strong>maiora.</strong></span> <span class='ocrx_word' id='word_1_111' title='bbox 243 1584 338 1669; x_wconf 88' lang='lat' dir='ltr'><strong>Onyx</strong></span> <span class='ocrx_word' id='word_1_112' title='bbox 360 1607 419 1669; x_wconf 89' lang='lat' dir='ltr'><strong>pro</strong></span> <span class='ocrx_word' id='word_1_113' title='bbox 449 1587 535 1650; x_wconf 85' lang='lat' dir='ltr'><strong>saxis</strong></span> <span class='ocrx_word' id='word_1_114' title='bbox 559 1589 592 1649; x_wconf 87' lang='lat' dir='ltr'><strong>et</strong></span> <span class='ocrx_word' id='word_1_115' title='bbox 615 1587 782 1650; x_wconf 82' lang='lat' dir='ltr'><strong>columnae</strong></span> <span class='ocrx_word' id='word_1_116' title='bbox 811 1588 849 1651; x_wconf 94' lang='lat' dir='ltr'><strong>de</strong></span> <span class='ocrx_word' id='word_1_117' title='bbox 878 1588 1015 1672; x_wconf 88' lang='lat' dir='ltr'><strong>gemmis</strong></span> <span class='ocrx_word' id='word_1_118' title='bbox 1043 1592 1076 1651; x_wconf 89' lang='lat' dir='ltr'><strong>et</strong></span> <span class='ocrx_word' id='word_1_119' title='bbox 1089 1611 1114 1653; x_wconf 84' lang='lat'><strong>15</strong></span> 
     </span>
     <span class='ocr_line' id='line_1_17' title="bbox 62 1674 1075 1761; baseline 0.001 -21"><span class='ocrx_word' id='word_1_120' title='bbox 62 1697 174 1740; x_wconf 91' lang='lat' dir='ltr'><strong>earum</strong></span> <span class='ocrx_word' id='word_1_121' title='bbox 193 1674 399 1759; x_wconf 91' lang='lat' dir='ltr'><strong>proceritudo</strong></span> <span class='ocrx_word' id='word_1_122' title='bbox 418 1674 539 1759; x_wconf 90' lang='lat' dir='ltr'><strong>ubique</strong></span> <span class='ocrx_word' id='word_1_123' title='bbox 558 1696 656 1758; x_wconf 91' lang='lat' dir='ltr'><strong>supra</strong></span> <span class='ocrx_word' id='word_1_124' title='bbox 674 1679 837 1740; x_wconf 89' lang='lat' dir='ltr'><strong>nostrates</strong></span> <span class='ocrx_word' id='word_1_125' title='bbox 857 1677 999 1761; x_wconf 88' lang='lat' dir='ltr'><strong>arbores,</strong></span> <span class='ocrx_word' id='word_1_126' title='bbox 1019 1675 1075 1741; x_wconf 89' lang='lat' dir='ltr'><strong>sed</strong></span> 
     </span>
     <span class='ocr_line' id='line_1_18' title="bbox 61 1762 1075 1848; baseline 0 -20"><span class='ocrx_word' id='word_1_127' title='bbox 61 1785 145 1848; x_wconf 88' lang='lat' dir='ltr'><strong>quac</strong></span> <span class='ocrx_word' id='word_1_128' title='bbox 169 1764 235 1828; x_wconf 89' lang='lat' dir='ltr'><strong>sint</strong></span> <span class='ocrx_word' id='word_1_129' title='bbox 258 1763 515 1846; x_wconf 79' lang='lat' dir='ltr'><strong>procerissimae,</strong></span> <span class='ocrx_word' id='word_1_130' title='bbox 537 1762 653 1846; x_wconf 87' lang='lat' dir='ltr'><strong>fuerat,</strong></span> <span class='ocrx_word' id='word_1_131' title='bbox 676 1765 777 1828; x_wconf 89' lang='lat' dir='ltr'><strong>ebeno</strong></span> <span class='ocrx_word' id='word_1_132' title='bbox 801 1767 910 1828; x_wconf 88' lang='lat' dir='ltr'><strong>tamen</strong></span> <span class='ocrx_word' id='word_1_133' title='bbox 933 1765 1075 1847; x_wconf 90' lang='lat' dir='ltr'><strong>plurima</strong></span> 
     </span>
     <span class='ocr_line' id='line_1_19' title="bbox 60 1851 1074 1936; baseline 0.001 -20"><span class='ocrx_word' id='word_1_134' title='bbox 60 1852 294 1936; x_wconf 88' lang='lat' dir='ltr'><strong>interpolante:</strong></span> <span class='ocrx_word' id='word_1_135' title='bbox 319 1852 404 1936; x_wconf 92' lang='lat' dir='ltr'><strong>quod</strong></span> <span class='ocrx_word' id='word_1_136' title='bbox 429 1852 457 1916; x_wconf 88' lang='lat' dir='ltr'><strong>si</strong></span> <span class='ocrx_word' id='word_1_137' title='bbox 481 1852 525 1916; x_wconf 89' lang='lat' dir='ltr'><strong>sit</strong></span> <span class='ocrx_word' id='word_1_138' title='bbox 549 1851 588 1915; x_wconf 94' lang='lat' dir='ltr'><strong>ad</strong></span> <span class='ocrx_word' id='word_1_139' title='bbox 613 1852 732 1915; x_wconf 90' lang='lat' dir='ltr'><strong>caeruli</strong></span> <span class='ocrx_word' id='word_1_140' title='bbox 756 1853 895 1936; x_wconf 88' lang='lat' dir='ltr'><strong>speciem</strong></span> <span class='ocrx_word' id='word_1_141' title='bbox 915 1853 966 1916; x_wconf 88' lang='lat' dir='ltr'><strong>vel</strong></span> <span class='ocrx_word' id='word_1_142' title='bbox 990 1853 1074 1917; x_wconf 91' lang='lat' dir='ltr'><strong>colo-</strong></span> 
     </span>
     <span class='ocr_line' id='line_1_20' title="bbox 60 1940 1074 2025; baseline -0.002 -20"><span class='ocrx_word' id='word_1_143' title='bbox 60 1963 130 2005; x_wconf 89' lang='lat' dir='ltr'><strong>rem</strong></span> <span class='ocrx_word' id='word_1_144' title='bbox 155 1941 338 2025; x_wconf 81' lang='lat' dir='ltr'><strong>laevigatio,</strong></span> <span class='ocrx_word' id='word_1_145' title='bbox 362 1944 473 2004; x_wconf 91' lang='lat' dir='ltr'><strong>tamen</strong></span> <span class='ocrx_word' id='word_1_146' title='bbox 492 1940 680 2024; x_wconf 91' lang='lat' dir='ltr'><strong>plerumque</strong></span> <span class='ocrx_word' id='word_1_147' title='bbox 705 1962 743 2004; x_wconf 87' lang='lat' dir='ltr'><strong>ex</strong></span> <span class='ocrx_word' id='word_1_148' title='bbox 767 1962 805 2004; x_wconf 87' lang='lat' dir='ltr'><strong>ea</strong></span> <span class='ocrx_word' id='word_1_149' title='bbox 824 1962 968 2024; x_wconf 88' lang='lat' dir='ltr'><strong>purpura</strong></span> <span class='ocrx_word' id='word_1_150' title='bbox 987 1940 1074 2004; x_wconf 90' lang='lat' dir='ltr'><strong>aliud</strong></span> 
     </span>
     <span class='ocr_line' id='line_1_21' title="bbox 61 2027 1115 2113; baseline 0 -20"><span class='ocrx_word' id='word_1_151' title='bbox 61 2051 132 2094; x_wconf 89' lang='lat' dir='ltr'><strong>esse</strong></span> <span class='ocrx_word' id='word_1_152' title='bbox 156 2027 175 2068; x_wconf 72' lang='lat'><strong>’¹‘</strong></span> <span class='ocrx_word' id='word_1_153' title='bbox 199 2051 296 2113; x_wconf 92' lang='lat' dir='ltr'><strong>quam</strong></span> <span class='ocrx_word' id='word_1_154' title='bbox 320 2031 348 2093; x_wconf 90' lang='lat' dir='ltr'><strong>si</strong></span> <span class='ocrx_word' id='word_1_155' title='bbox 373 2051 487 2093; x_wconf 85' lang='lat' dir='ltr'><strong>saxum</strong></span> <span class='ocrx_word' id='word_1_156' title='bbox 510 2030 648 2093; x_wconf 91' lang='lat' dir='ltr'><strong>ebenum</strong></span> <span class='ocrx_word' id='word_1_157' title='bbox 672 2029 898 2093; x_wconf 88' lang='lat' dir='ltr'><strong>mentiebatur.</strong></span> <span class='ocrx_word' id='word_1_158' title='bbox 1088 2053 1115 2094; x_wconf 79' lang='lat' dir='ltr'><strong>ao</strong></span> 
     </span>
     <span class='ocr_line' id='line_1_22' title="bbox 152 2116 1137 2201; baseline 0.003 -20"><span class='ocrx_word' id='word_1_159' title='bbox 152 2116 211 2184; x_wconf 88' lang='grc'><strong>36.</strong></span> <span class='ocrx_word' id='word_1_160' title='bbox 248 2118 320 2182; x_wconf 87' lang='lat' dir='ltr'><strong>lllic</strong></span> <span class='ocrx_word' id='word_1_161' title='bbox 351 2121 384 2182; x_wconf 87' lang='lat' dir='ltr'><strong>ot</strong></span> <span class='ocrx_word' id='word_1_162' title='bbox 414 2117 539 2201; x_wconf 84' lang='lat' dir='ltr'><strong>effigies</strong></span> <span class='ocrx_word' id='word_1_163' title='bbox 569 2117 728 2201; x_wconf 91' lang='lat' dir='ltr'><strong>plurimae</strong></span> <span class='ocrx_word' id='word_1_164' title='bbox 760 2120 830 2181; x_wconf 88' lang='lat' dir='ltr'><strong>tum</strong></span> <span class='ocrx_word' id='word_1_165' title='bbox 864 2139 880 2180; x_wconf 94' lang='lat' dir='ltr'><strong>e</strong></span> <span class='ocrx_word' id='word_1_166' title='bbox 913 2137 1074 2181; x_wconf 87' lang='lat' dir='ltr'><strong>marmore</strong></span> <span class='ocrx_word' id='word_1_167' title='bbox 1094 2131 1137 2186; x_wconf 84' lang='lat'><strong>58.</strong></span> 
     </span>
     <span class='ocr_line' id='line_1_23' title="bbox 61 2205 1076 2291; baseline 0 -21"><span class='ocrx_word' id='word_1_168' title='bbox 61 2206 153 2270; x_wconf 88' lang='lat' dir='ltr'><strong>vario</strong></span> <span class='ocrx_word' id='word_1_169' title='bbox 189 2213 259 2270; x_wconf 91' lang='lat' dir='ltr'><strong>tum</strong></span> <span class='ocrx_word' id='word_1_170' title='bbox 293 2228 310 2270; x_wconf 91' lang='lat' dir='ltr'><strong>e</strong></span> <span class='ocrx_word' id='word_1_171' title='bbox 342 2206 477 2270; x_wconf 89' lang='lat' dir='ltr'><strong>metallo</strong></span> <span class='ocrx_word' id='word_1_172' title='bbox 517 2206 733 2291; x_wconf 90' lang='lat' dir='ltr'><strong>cuiuscunque</strong></span> <span class='ocrx_word' id='word_1_173' title='bbox 772 2205 859 2270; x_wconf 92' lang='lat' dir='ltr'><strong>modi</strong></span> <span class='ocrx_word' id='word_1_174' title='bbox 896 2205 1076 2270; x_wconf 88' lang='lat' dir='ltr'><strong>renuebant</strong></span> 
     </span>
     <span class='ocr_line' id='line_1_24' title="bbox 60 2295 1075 2380; baseline 0.002 -23"><span class='ocrx_word' id='word_1_175' title='bbox 60 2295 187 2359; x_wconf 91' lang='lat' dir='ltr'><strong>numeri</strong></span> <span class='ocrx_word' id='word_1_176' title='bbox 207 2295 475 2379; x_wconf 85' lang='lat' dir='ltr'><strong>aestimationem,</strong></span> <span class='ocrx_word' id='word_1_177' title='bbox 499 2316 581 2380; x_wconf 89' lang='lat' dir='ltr'><strong>quae</strong></span> <span class='ocrx_word' id='word_1_178' title='bbox 605 2297 711 2360; x_wconf 88' lang='lat' dir='ltr'><strong>omnis</strong></span> <span class='ocrx_word' id='word_1_179' title='bbox 731 2295 850 2360; x_wconf 90' lang='lat' dir='ltr'><strong>curiosi</strong></span> <span class='ocrx_word' id='word_1_180' title='bbox 870 2295 1075 2380; x_wconf 82' lang='lat' dir='ltr'><strong>diligentiam</strong></span> 
     </span>
     <span class='ocr_line' id='line_1_25' title="bbox 60 2383 1073 2469; baseline 0.002 -23"><span class='ocrx_word' id='word_1_181' title='bbox 60 2383 212 2449; x_wconf 87' lang='lat' dir='ltr'><strong>vinceret.</strong></span> <span class='ocrx_word' id='word_1_182' title='bbox 266 2385 356 2449; x_wconf 84' lang='lat' dir='ltr'><strong>Adeo</strong></span> <span class='ocrx_word' id='word_1_183' title='bbox 386 2385 490 2448; x_wconf 89' lang='lat' dir='ltr'><strong>multa</strong></span> <span class='ocrx_word' id='word_1_184' title='bbox 521 2386 626 2449; x_wconf 81' lang='lat' dir='ltr'><strong>erant!</strong></span> <span class='ocrx_word' id='word_1_185' title='bbox 681 2384 836 2461; x_wconf 80' lang='lat' dir='ltr'><strong>Quamvis</strong></span> <span class='ocrx_word' id='word_1_186' title='bbox 868 2385 903 2448; x_wconf 90' lang='lat' dir='ltr'><strong>in</strong></span> <span class='ocrx_word' id='word_1_187' title='bbox 936 2384 1073 2469; x_wconf 89' lang='lat' dir='ltr'><strong>singulis</strong></span> 
     </span>
     <span class='ocr_line' id='line_1_26' title="bbox 59 2472 1113 2558; baseline 0.004 -23"><span class='ocrx_word' id='word_1_188' title='bbox 59 2472 225 2557; x_wconf 91' lang='lat' dir='ltr'><strong>figmentis</strong></span> <span class='ocrx_word' id='word_1_189' title='bbox 249 2473 348 2537; x_wconf 87' lang='lat' dir='ltr'><strong>fuerit</strong></span> <span class='ocrx_word' id='word_1_190' title='bbox 371 2473 541 2557; x_wconf 87' lang='lat' dir='ltr'><strong>superbior</strong></span> <span class='ocrx_word' id='word_1_191' title='bbox 564 2473 754 2558; x_wconf 80' lang='lat' dir='ltr'><strong>admirati03</strong></span> <span class='ocrx_word' id='word_1_192' title='bbox 778 2496 888 2538; x_wconf 91' lang='lat' dir='ltr'><strong>currus</strong></span> <span class='ocrx_word' id='word_1_193' title='bbox 913 2495 990 2538; x_wconf 91' lang='lat' dir='ltr'><strong>sane</strong></span> <span class='ocrx_word' id='word_1_194' title='bbox 1014 2473 1073 2538; x_wconf 91' lang='lat' dir='ltr'><strong>fal·</strong></span> <span class='ocrx_word' id='word_1_195' title='bbox 1088 2497 1113 2539; x_wconf 82' lang='lat'><strong>25</strong></span> 
     </span>
     <span class='ocr_line' id='line_1_27' title="bbox 61 2561 1074 2647; baseline 0.002 -23"><span class='ocrx_word' id='word_1_196' title='bbox 61 2564 154 2625; x_wconf 83' lang='lat' dir='ltr'><strong>catos</strong></span> <span class='ocrx_word' id='word_1_197' title='bbox 174 2582 190 2624; x_wconf 90' lang='lat' dir='ltr'><strong>e</strong></span> <span class='ocrx_word' id='word_1_198' title='bbox 210 2562 400 2645; x_wconf 83' lang='lat' dir='ltr'><strong>porphyrite</strong></span> <span class='ocrx_word' id='word_1_199' title='bbox 419 2561 537 2647; x_wconf 91' lang='lat' dir='ltr'><strong>lapide,</strong></span> <span class='ocrx_word' id='word_1_200' title='bbox 556 2563 611 2627; x_wconf 90' lang='lat' dir='ltr'><strong>sed</strong></span> <span class='ocrx_word' id='word_1_201' title='bbox 631 2564 898 2628; x_wconf 87' lang='lat' dir='ltr'><strong>conliniatissimc</strong></span> <span class='ocrx_word' id='word_1_202' title='bbox 917 2585 982 2627; x_wconf 88' lang='lat' dir='ltr'><strong>una</strong></span> <span class='ocrx_word' id='word_1_203' title='bbox 1001 2585 1074 2626; x_wconf 88' lang='lat' dir='ltr'><strong>cum</strong></span> 
     </span>
     <span class='ocr_line' id='line_1_28' title="bbox 60 2650 1075 2735; baseline 0.001 -22"><span class='ocrx_word' id='word_1_204' title='bbox 60 2650 283 2714; x_wconf 87' lang='lat' dir='ltr'><strong>animantibus</strong></span> <span class='ocrx_word' id='word_1_205' title='bbox 308 2655 341 2714; x_wconf 90' lang='lat' dir='ltr'><strong>et</strong></span> <span class='ocrx_word' id='word_1_206' title='bbox 360 2650 482 2735; x_wconf 84' lang='lat' dir='ltr'><strong>aurigis</strong></span> <span class='ocrx_word' id='word_1_207' title='bbox 507 2651 547 2715; x_wconf 92' lang='lat' dir='ltr'><strong>ad</strong></span> <span class='ocrx_word' id='word_1_208' title='bbox 566 2653 634 2716; x_wconf 87' lang='lat' dir='ltr'><strong>veri</strong></span> <span class='ocrx_word' id='word_1_209' title='bbox 653 2652 768 2715; x_wconf 91' lang='lat' dir='ltr'><strong>faciem</strong></span> <span class='ocrx_word' id='word_1_210' title='bbox 787 2651 896 2715; x_wconf 87' lang='lat' dir='ltr'><strong>videre</strong></span> <span class='ocrx_word' id='word_1_211' title='bbox 916 2655 984 2715; x_wconf 88' lang='lat' dir='ltr'><strong>erat</strong></span> <span class='ocrx_word' id='word_1_212' title='bbox 1002 2651 1075 2733; x_wconf 91' lang='lat' dir='ltr'><strong>plu-</strong></span> 
     </span>
     <span class='ocr_line' id='line_1_29' title="bbox 58 2739 1073 2823; baseline 0 -22"><span class='ocrx_word' id='word_1_213' title='bbox 58 2739 161 2802; x_wconf 91' lang='lat' dir='ltr'><strong>rimos</strong></span> <span class='ocrx_word' id='word_1_214' title='bbox 192 2742 224 2802; x_wconf 89' lang='lat' dir='ltr'><strong>et</strong></span> <span class='ocrx_word' id='word_1_215' title='bbox 252 2740 374 2822; x_wconf 89' lang='lat' dir='ltr'><strong>passim</strong></span> <span class='ocrx_word' id='word_1_216' title='bbox 401 2739 520 2823; x_wconf 88' lang='lat' dir='ltr'><strong>ubique</strong></span> <span class='ocrx_word' id='word_1_217' title='bbox 548 2739 746 2823; x_wconf 83' lang='lat' dir='ltr'><strong>constitisse,</strong></span> <span class='ocrx_word' id='word_1_218' title='bbox 774 2761 855 2823; x_wconf 92' lang='lat' dir='ltr'><strong>quos</strong></span> <span class='ocrx_word' id='word_1_219' title='bbox 884 2742 917 2802; x_wconf 87' lang='lat' dir='ltr'><strong>et</strong></span> <span class='ocrx_word' id='word_1_220' title='bbox 944 2760 1073 2803; x_wconf 89' lang='lat' dir='ltr'><strong>cursum</strong></span> 
     </span>
     <span class='ocr_line' id='line_1_30' title="bbox 60 2826 1075 2911; baseline 0.001 -21"><span class='ocrx_word' id='word_1_221' title='bbox 60 2847 158 2910; x_wconf 89' lang='lat' dir='ltr'><strong>agere</strong></span> <span class='ocrx_word' id='word_1_222' title='bbox 178 2827 346 2911; x_wconf 89' lang='lat' dir='ltr'><strong>opinarere</strong></span> <span class='ocrx_word' id='word_1_223' title='bbox 367 2831 398 2891; x_wconf 90' lang='lat' dir='ltr'><strong>et</strong></span> <span class='ocrx_word' id='word_1_224' title='bbox 421 2828 543 2891; x_wconf 89' lang='lat' dir='ltr'><strong>moveri</strong></span> <span class='ocrx_word' id='word_1_225' title='bbox 564 2828 674 2892; x_wconf 89' lang='lat' dir='ltr'><strong>omnia</strong></span> <span class='ocrx_word' id='word_1_226' title='bbox 696 2849 763 2891; x_wconf 91' lang='lat' dir='ltr'><strong>non</strong></span> <span class='ocrx_word' id='word_1_227' title='bbox 782 2826 985 2892; x_wconf 89' lang='lat' dir='ltr'><strong>discrederes.</strong></span> <span class='ocrx_word' id='word_1_228' title='bbox 1023 2826 1075 2891; x_wconf 89' lang='lat' dir='ltr'><strong>Ita</strong></span> 
     </span>
     <span class='ocr_line' id='line_1_31' title="bbox 58 2915 1115 3000; baseline 0.001 -21"><span class='ocrx_word' id='word_1_229' title='bbox 58 2937 139 2999; x_wconf 91' lang='lat' dir='ltr'><strong>prae</strong></span> <span class='ocrx_word' id='word_1_230' title='bbox 164 2937 296 2980; x_wconf 92' lang='lat' dir='ltr'><strong>corusco</strong></span> <span class='ocrx_word' id='word_1_231' title='bbox 324 2917 450 3000; x_wconf 86' lang='lat' dir='ltr'><strong>fulgore</strong></span> <span class='ocrx_word' id='word_1_232' title='bbox 479 2919 645 2980; x_wconf 88' lang='lat' dir='ltr'><strong>oculorum</strong></span> <span class='ocrx_word' id='word_1_233' title='bbox 674 2916 779 2980; x_wconf 85' lang='lat' dir='ltr'><strong>officio</strong></span> <span class='ocrx_word' id='word_1_234' title='bbox 808 2936 980 2999; x_wconf 82' lang='lat' dir='ltr'><strong>praeverso</strong></span> <span class='ocrx_word' id='word_1_235' title='bbox 1008 2915 1115 2980; x_wconf 86' lang='lat' dir='ltr'><strong>labieo</strong></span> 
     </span>
    </p>
   </div>
   <div class='ocr_carea' id='block_1_3' title="bbox 59 3194 1095 3605">
    <p class='ocr_par' dir='ltr' id='par_1_3' title="bbox 59 3194 1074 3473">
     <span class='ocr_line' id='line_1_32' title="bbox 152 3194 1073 3266; baseline -0.001 -18"><span class='ocrx_word' id='word_1_236' title='bbox 152 3202 165 3248; x_wconf 88' lang='lat'>1</span> <span class='ocrx_word' id='word_1_237' title='bbox 187 3195 378 3266; x_wconf 81' lang='lat' dir='ltr'><strong>olympiadam</strong></span> <span class='ocrx_word' id='word_1_238' title='bbox 396 3196 429 3252; x_wconf 90' lang='lat' dir='ltr'><strong>P.</strong></span> <span class='ocrx_word' id='word_1_239' title='bbox 456 3196 637 3266; x_wconf 89' lang='lat' dir='ltr'><strong>Olympidem</strong></span> <span class='ocrx_word' id='word_1_240' title='bbox 655 3198 690 3252; x_wconf 84' lang='lat' dir='ltr'><strong>A.</strong></span> <span class='ocrx_word' id='word_1_241' title='bbox 729 3195 886 3251; x_wconf 83' lang='lat' dir='ltr'><strong>&#39;lalienum</strong></span> <span class='ocrx_word' id='word_1_242' title='bbox 903 3197 976 3251; x_wconf 80' lang='lat' dir='ltr'><strong>Mai.</strong></span> <span class='ocrx_word' id='word_1_243' title='bbox 1001 3194 1073 3249; x_wconf 88' lang='lat' dir='ltr'><strong>alius</strong></span> 
     </span>
     <span class='ocr_line' id='line_1_33' title="bbox 60 3265 1074 3336; baseline 0 -16"><span class='ocrx_word' id='word_1_244' title='bbox 60 3266 136 3320; x_wconf 85' lang='lat' dir='ltr'><strong><em>A.P.</em></strong></span> <span class='ocrx_word' id='word_1_245' title='bbox 156 3269 265 3322; x_wconf 82' lang='lat' dir='ltr'><strong>videtur</strong></span> <span class='ocrx_word' id='word_1_246' title='bbox 283 3269 393 3322; x_wconf 82' lang='lat' dir='ltr'><strong>uerbum</strong></span> <span class='ocrx_word' id='word_1_247' title='bbox 407 3272 471 3336; x_wconf 77' lang='lat' dir='ltr'><strong>post</strong></span> <span class='ocrx_word' id='word_1_248' title='bbox 488 3266 582 3322; x_wconf 83' lang='lat' dir='ltr'><strong>‘alius’</strong></span> <span class='ocrx_word' id='word_1_249' title='bbox 599 3269 744 3323; x_wconf 80' lang='lat' dir='ltr'><strong>eccidisse:</strong></span> <span class='ocrx_word' id='word_1_250' title='bbox 763 3267 835 3322; x_wconf 87' lang='lat' dir='ltr'><strong>aliua</strong></span> <span class='ocrx_word' id='word_1_251' title='bbox 854 3266 924 3321; x_wconf 90' lang='lat' dir='ltr'><strong>lucis</strong></span> <span class='ocrx_word' id='word_1_252' title='bbox 941 3269 982 3323; x_wconf 86' lang='lat' dir='ltr'><strong>cel</strong></span> <span class='ocrx_word' id='word_1_253' title='bbox 1001 3265 1074 3320; x_wconf 88' lang='lat' dir='ltr'><strong>alius</strong></span> 
     </span>
     <span class='ocr_line' id='line_1_34' title="bbox 60 3336 1074 3406; baseline 0.001 -16"><span class='ocrx_word' id='word_1_254' title='bbox 60 3336 238 3406; x_wconf 79' lang='lat' dir='ltr'><strong>splendoris?</strong></span> <span class='ocrx_word' id='word_1_255' title='bbox 280 3339 374 3392; x_wconf 80' lang='lat' dir='ltr'><strong>Sesto</strong></span> <span class='ocrx_word' id='word_1_256' title='bbox 385 3339 419 3392; x_wconf 90' lang='lat' dir='ltr'><strong>P.</strong></span> <span class='ocrx_word' id='word_1_257' title='bbox 457 3343 488 3391; x_wconf 87' lang='lat'><strong>11</strong></span> <span class='ocrx_word' id='word_1_258' title='bbox 511 3338 644 3392; x_wconf 88' lang='lat' dir='ltr'><strong>mirarere</strong></span> <span class='ocrx_word' id='word_1_259' title='bbox 663 3356 731 3394; x_wconf 81' lang='lat' dir='ltr'><strong>corr.</strong></span> <span class='ocrx_word' id='word_1_260' title='bbox 752 3357 785 3394; x_wconf 77' lang='lat' dir='ltr'><strong>eso</strong></span> <span class='ocrx_word' id='word_1_261' title='bbox 803 3338 946 3392; x_wconf 86' lang='lat' dir='ltr'><strong>mirareA.</strong></span> <span class='ocrx_word' id='word_1_262' title='bbox 973 3339 1074 3392; x_wconf 90' lang='lat' dir='ltr'><strong>ducere</strong></span> 
     </span>
     <span class='ocr_line' id='line_1_35' title="bbox 59 3408 1073 3473; baseline 0.001 -12"><span class='ocrx_word' id='word_1_263' title='bbox 59 3411 95 3463; x_wconf 84' lang='lat' dir='ltr'><strong>A.</strong></span> <span class='ocrx_word' id='word_1_264' title='bbox 103 3409 155 3473; x_wconf 84' lang='lat' dir='ltr'><strong>P.;</strong></span> <span class='ocrx_word' id='word_1_265' title='bbox 175 3411 289 3464; x_wconf 75' lang='lat' dir='ltr'><strong>correxi.</strong></span> <span class='ocrx_word' id='word_1_266' title='bbox 339 3416 371 3462; x_wconf 80' lang='lat'><strong>12</strong></span> <span class='ocrx_word' id='word_1_267' title='bbox 391 3409 502 3464; x_wconf 87' lang='lat' dir='ltr'><strong>vincere</strong></span> <span class='ocrx_word' id='word_1_268' title='bbox 522 3410 557 3462; x_wconf 80' lang='lat' dir='ltr'><strong>A.</strong></span> <span class='ocrx_word' id='word_1_269' title='bbox 609 3416 641 3464; x_wconf 79' lang='lat'><strong>17</strong></span> <span class='ocrx_word' id='word_1_270' title='bbox 661 3410 752 3464; x_wconf 89' lang='lat' dir='ltr'><strong>fuerat</strong></span> <span class='ocrx_word' id='word_1_271' title='bbox 771 3410 844 3465; x_wconf 77' lang='lat' dir='ltr'><strong>Mai.</strong></span> <span class='ocrx_word' id='word_1_272' title='bbox 869 3409 981 3464; x_wconf 85' lang='lat' dir='ltr'><strong>fuerant</strong></span> <span class='ocrx_word' id='word_1_273' title='bbox 999 3408 1073 3462; x_wconf 90' lang='lat' dir='ltr'><strong><em>A.P.</em></strong></span> 
     </span>
    </p>

    <p class='ocr_par' dir='ltr' id='par_1_4' title="bbox 60 3479 1095 3605">
     <span class='ocr_line' id='line_1_36' title="bbox 78 3479 1095 3603; baseline -0.005 -69"><span class='ocrx_word' id='word_1_274' title='bbox 78 3549 107 3603; x_wconf 77' lang='lat' dir='ltr'>ffi</span> <span class='ocrx_word' id='word_1_275' title='bbox 127 3550 133 3562; x_wconf 94' lang='lat'><strong>.</strong></span> <span class='ocrx_word' id='word_1_276' title='bbox 150 3480 199 3603; x_wconf 55' lang='lat' dir='ltr'><strong>gil</strong></span> <span class='ocrx_word' id='word_1_277' title='bbox 233 3487 266 3535; x_wconf 80' lang='lat'><strong>23</strong></span> <span class='ocrx_word' id='word_1_278' title='bbox 287 3479 412 3535; x_wconf 85' lang='lat' dir='ltr'><strong>numeria</strong></span> <span class='ocrx_word' id='word_1_279' title='bbox 430 3479 466 3534; x_wconf 82' lang='lat' dir='ltr'><strong>A.</strong></span> <span class='ocrx_word' id='word_1_280' title='bbox 494 3480 746 3552; x_wconf 83' lang='lat' dir='ltr'><strong>aestimationeque</strong></span> <span class='ocrx_word' id='word_1_281' title='bbox 768 3482 801 3537; x_wconf 85' lang='lat' dir='ltr'><strong>P.</strong></span> <span class='ocrx_word' id='word_1_282' title='bbox 848 3486 887 3532; x_wconf 69' lang='lat' dir='ltr'><strong>‘ab</strong></span> <span class='ocrx_word' id='word_1_283' title='bbox 903 3480 1035 3544; x_wconf 58' lang='lat' dir='ltr'><strong>liugom</strong></span> <span class='ocrx_word' id='word_1_284' title='bbox 1056 3479 1095 3525; x_wconf 66' lang='lat' dir='ltr'><strong>h·</strong></span> 
     </span>
     <span class='ocr_line' id='line_1_37' title="bbox 60 3566 205 3605; baseline -0.007 0"><span class='ocrx_word' id='word_1_285' title='bbox 60 3567 76 3605; x_wconf 95' lang='lat' dir='ltr'><strong>o</strong></span> <span class='ocrx_word' id='word_1_286' title='bbox 110 3566 153 3604; x_wconf 84' lang='lat' dir='ltr'><strong>cra</strong></span> <span class='ocrx_word' id='word_1_287' title='bbox 199 3591 205 3604; x_wconf 87' lang='lat'><strong>.</strong></span> 
     </span>
    </p>
   </div>
   <div class='ocr_carea' id='block_1_4' title="bbox 0 0 1212 3826">
    <p class='ocr_par' dir='ltr' id='par_1_5' title="bbox 0 0 1212 3826">
     <span class='ocr_line' id='line_1_38' title="bbox 0 0 1212 3826; baseline 0 1"><span class='ocrx_word' id='word_1_288' title='bbox 0 0 1212 3826; x_wconf 95' lang='lat' dir='ltr'><strong> </strong></span> 
     </span>
    </p>
   </div>
  </div>
 </body>
</html>
