<?xml version="1.0" encoding="UTF-8"?>
<!DOCTYPE html PUBLIC "-//W3C//DTD XHTML 1.0 Transitional//EN"
    "http://www.w3.org/TR/xhtml1/DTD/xhtml1-transitional.dtd">
<html xmlns="http://www.w3.org/1999/xhtml" xml:lang="en" lang="en">
 <head>
  <title>
</title>
<meta http-equiv="Content-Type" content="text/html;charset=utf-8" />
  <meta name='ocr-system' content='tesseract 3.04.00' />
  <meta name='ocr-capabilities' content='ocr_page ocr_carea ocr_par ocr_line ocrx_word'/>
</head>
<body>
  <div class='ocr_page' id='page_1' title='image "./iulivalerialexa00valegoog_0222.png"; bbox 0 0 2414 3826; ppageno 0'>
   <div class='ocr_carea' id='block_1_1' title="bbox 256 173 1070 240">
    <p class='ocr_par' dir='ltr' id='par_1_1' title="bbox 256 173 1070 240">
     <span class='ocr_line' id='line_1_1' title="bbox 256 173 1070 240; baseline 0.012 -11"><span class='ocrx_word' id='word_1_1' title='bbox 256 173 403 230; x_wconf 81' lang='lat' dir='ltr'><strong>ALTERA</strong></span> <span class='ocrx_word' id='word_1_2' title='bbox 421 173 624 230; x_wconf 74' lang='lat' dir='ltr'>nnsponslo</span> <span class='ocrx_word' id='word_1_3' title='bbox 644 174 872 236; x_wconf 78' lang='lat' dir='ltr'><strong>ALEXANDRI.</strong></span> <span class='ocrx_word' id='word_1_4' title='bbox 1006 175 1070 240; x_wconf 84' lang='lat'>185</span> 
     </span>
    </p>
   </div>
   <div class='ocr_carea' id='block_1_2' title="bbox 306 370 817 454">
    <p class='ocr_par' dir='ltr' id='par_1_2' title="bbox 306 370 817 454">
     <span class='ocr_line' id='line_1_2' title="bbox 306 370 817 454; baseline 0.004 -18"><span class='ocrx_word' id='word_1_5' title='bbox 306 370 420 436; x_wconf 87' lang='lat' dir='ltr'>Altera</span> <span class='ocrx_word' id='word_1_6' title='bbox 443 371 607 454; x_wconf 81' lang='lat' dir='ltr'><strong>responsio</strong></span> <span class='ocrx_word' id='word_1_7' title='bbox 631 370 817 438; x_wconf 80' lang='lat' dir='ltr'><strong>Alexandri.</strong></span> 
     </span>
    </p>
   </div>
   <div class='ocr_carea' id='block_1_3' title="bbox 55 513 1073 778">
    <p class='ocr_par' dir='ltr' id='par_1_3' title="bbox 55 513 1073 778">
     <span class='ocr_line' id='line_1_3' title="bbox 148 513 1072 600; baseline 0.004 -23"><span class='ocrx_word' id='word_1_8' title='bbox 148 514 198 578; x_wconf 81' lang='lat' dir='ltr'>Tu</span> <span class='ocrx_word' id='word_1_9' title='bbox 220 535 305 579; x_wconf 89' lang='lat' dir='ltr'>nunc</span> <span class='ocrx_word' id='word_1_10' title='bbox 328 514 401 579; x_wconf 92' lang='lat' dir='ltr'>ideo</span> <span class='ocrx_word' id='word_1_11' title='bbox 424 517 458 578; x_wconf 89' lang='lat' dir='ltr'>te</span> <span class='ocrx_word' id='word_1_12' title='bbox 482 513 561 578; x_wconf 88' lang='lat' dir='ltr'>dicis</span> <span class='ocrx_word' id='word_1_13' title='bbox 585 515 733 598; x_wconf 88' lang='lat' dir='ltr'>beatum,</span> <span class='ocrx_word' id='word_1_14' title='bbox 761 537 780 579; x_wconf 96' lang='lat' dir='ltr'>o</span> <span class='ocrx_word' id='word_1_15' title='bbox 804 513 970 600; x_wconf 89' lang='lat' dir='ltr'>Dindime,</span> <span class='ocrx_word' id='word_1_16' title='bbox 997 516 1072 600; x_wconf 89' lang='lat' dir='ltr'>quia</span> 
     </span>
     <span class='ocr_line' id='line_1_4' title="bbox 55 603 1073 687; baseline 0 -18"><span class='ocrx_word' id='word_1_17' title='bbox 55 605 90 669; x_wconf 92' lang='lat' dir='ltr'>in</span> <span class='ocrx_word' id='word_1_18' title='bbox 115 626 153 669; x_wconf 91' lang='lat' dir='ltr'>ea</span> <span class='ocrx_word' id='word_1_19' title='bbox 175 603 287 667; x_wconf 90' lang='lat' dir='ltr'>mundi</span> <span class='ocrx_word' id='word_1_20' title='bbox 310 607 403 687; x_wconf 90' lang='lat' dir='ltr'>parte</span> <span class='ocrx_word' id='word_1_21' title='bbox 431 603 539 667; x_wconf 89' lang='lat' dir='ltr'>sedem</span> <span class='ocrx_word' id='word_1_22' title='bbox 562 603 656 668; x_wconf 83' lang='lat' dir='ltr'>robis</span> <span class='ocrx_word' id='word_1_23' title='bbox 684 607 802 667; x_wconf 87' lang='lat' dir='ltr'>natura</span> <span class='ocrx_word' id='word_1_24' title='bbox 827 605 1010 687; x_wconf 89' lang='lat' dir='ltr'>constituit,</span> <span class='ocrx_word' id='word_1_25' title='bbox 1038 605 1073 670; x_wconf 93' lang='lat' dir='ltr'>in</span> 
     </span>
     <span class='ocr_line' id='line_1_5' title="bbox 55 691 1073 778; baseline 0 -21"><span class='ocrx_word' id='word_1_26' title='bbox 55 715 120 778; x_wconf 89' lang='lat' dir='ltr'>qna</span> <span class='ocrx_word' id='word_1_27' title='bbox 138 713 197 756; x_wconf 89' lang='lat' dir='ltr'>nec</span> <span class='ocrx_word' id='word_1_28' title='bbox 218 712 366 756; x_wconf 78' lang='lat' dir='ltr'>accessus</span> <span class='ocrx_word' id='word_1_29' title='bbox 389 691 521 757; x_wconf 83' lang='lat' dir='ltr'>advenis</span> <span class='ocrx_word' id='word_1_30' title='bbox 541 712 601 755; x_wconf 87' lang='lat' dir='ltr'>nec</span> <span class='ocrx_word' id='word_1_31' title='bbox 620 691 724 755; x_wconf 85' lang='lat' dir='ltr'>exitus</span> <span class='ocrx_word' id='word_1_32' title='bbox 744 691 889 775; x_wconf 78' lang='lat' dir='ltr'>aperitur</span> <span class='ocrx_word' id='word_1_33' title='bbox 903 693 1073 778; x_wconf 82' lang='lat' dir='ltr'>indigenis,</span> 
     </span>
    </p>
   </div>
   <div class='ocr_carea' id='block_1_4' title="bbox 55 779 1120 2811">
    <p class='ocr_par' dir='ltr' id='par_1_4' title="bbox 55 779 1120 2811">
     <span class='ocr_line' id='line_1_6' title="bbox 55 779 1100 865; baseline 0 -19"><span class='ocrx_word' id='word_1_34' title='bbox 55 781 113 846; x_wconf 89' lang='lat' dir='ltr'>sed</span> <span class='ocrx_word' id='word_1_35' title='bbox 145 780 289 845; x_wconf 84' lang='lat' dir='ltr'>excubiis</span> <span class='ocrx_word' id='word_1_36' title='bbox 320 780 491 865; x_wconf 92' lang='lat' dir='ltr'>oppositae</span> <span class='ocrx_word' id='word_1_37' title='bbox 519 779 722 844; x_wconf 87' lang='lat' dir='ltr'>difficultatis</span> <span class='ocrx_word' id='word_1_38' title='bbox 750 781 889 865; x_wconf 83' lang='lat' dir='ltr'>obsessi,</span> <span class='ocrx_word' id='word_1_39' title='bbox 919 783 1100 865; x_wconf 69' lang='lat' dir='ltr'>quoniame</span> 
     </span>
     <span class='ocr_line' id='line_1_7' title="bbox 56 868 1074 954; baseline 0.001 -20"><span class='ocrx_word' id='word_1_40' title='bbox 56 871 160 934; x_wconf 87' lang='lat' dir='ltr'>vitare</span> <span class='ocrx_word' id='word_1_41' title='bbox 184 891 250 933; x_wconf 91' lang='lat' dir='ltr'>non</span> <span class='ocrx_word' id='word_1_42' title='bbox 275 869 402 952; x_wconf 89' lang='lat' dir='ltr'>valetis,</span> <span class='ocrx_word' id='word_1_43' title='bbox 424 872 568 933; x_wconf 88' lang='lat' dir='ltr'>vestram</span> <span class='ocrx_word' id='word_1_44' title='bbox 590 868 732 951; x_wconf 87' lang='lat' dir='ltr'>patriam</span> <span class='ocrx_word' id='word_1_45' title='bbox 755 869 894 933; x_wconf 88' lang='lat' dir='ltr'>laudatis</span> <span class='ocrx_word' id='word_1_46' title='bbox 919 873 961 953; x_wconf 90' lang='lat' dir='ltr'>et,</span> <span class='ocrx_word' id='word_1_47' title='bbox 988 870 1074 954; x_wconf 88' lang='lat' dir='ltr'>quod</span> 
     </span>
     <span class='ocr_line' id='line_1_8' title="bbox 57 957 1072 1040; baseline 0.001 -18"><span class='ocrx_word' id='word_1_48' title='bbox 57 958 278 1022; x_wconf 87' lang='lat' dir='ltr'>damnationis</span> <span class='ocrx_word' id='word_1_49' title='bbox 307 979 405 1022; x_wconf 85' lang='lat' dir='ltr'>causa</span> <span class='ocrx_word' id='word_1_50' title='bbox 430 957 595 1040; x_wconf 89' lang='lat' dir='ltr'>patimini,</span> <span class='ocrx_word' id='word_1_51' title='bbox 623 957 843 1021; x_wconf 87' lang='lat' dir='ltr'>continentiae</span> <span class='ocrx_word' id='word_1_52' title='bbox 872 959 979 1022; x_wconf 86' lang='lat' dir='ltr'>studio</span> <span class='ocrx_word' id='word_1_53' title='bbox 1008 981 1072 1023; x_wconf 89' lang='lat' dir='ltr'>me·</span> 
     </span>
     <span class='ocr_line' id='line_1_9' title="bbox 56 1044 1073 1128; baseline -0.002 -16"><span class='ocrx_word' id='word_1_54' title='bbox 56 1048 161 1112; x_wconf 87' lang='lat' dir='ltr'>ruisse</span> <span class='ocrx_word' id='word_1_55' title='bbox 184 1068 243 1112; x_wconf 83' lang='lat' dir='ltr'>ros</span> <span class='ocrx_word' id='word_1_56' title='bbox 266 1046 405 1110; x_wconf 88' lang='lat' dir='ltr'>iactatis.</span> <span class='ocrx_word' id='word_1_57' title='bbox 443 1045 557 1128; x_wconf 86' lang='lat' dir='ltr'>ltaque</span> <span class='ocrx_word' id='word_1_58' title='bbox 581 1044 756 1110; x_wconf 87' lang='lat' dir='ltr'>secundum</span> <span class='ocrx_word' id='word_1_59' title='bbox 780 1053 922 1110; x_wconf 87' lang='lat' dir='ltr'>vestram</span> <span class='ocrx_word' id='word_1_60' title='bbox 946 1050 1073 1110; x_wconf 91' lang='lat' dir='ltr'>senten·</span> 
     </span>
     <span class='ocr_line' id='line_1_10' title="bbox 56 1134 1075 1218; baseline -0.002 -18"><span class='ocrx_word' id='word_1_61' title='bbox 56 1137 139 1200; x_wconf 91' lang='lat' dir='ltr'>tiam</span> <span class='ocrx_word' id='word_1_62' title='bbox 168 1139 200 1199; x_wconf 89' lang='lat' dir='ltr'>et</span> <span class='ocrx_word' id='word_1_63' title='bbox 228 1135 276 1198; x_wconf 94' lang='lat' dir='ltr'>illi</span> <span class='ocrx_word' id='word_1_64' title='bbox 300 1134 389 1199; x_wconf 91' lang='lat' dir='ltr'>beati</span> <span class='ocrx_word' id='word_1_65' title='bbox 415 1134 541 1198; x_wconf 90' lang='lat' dir='ltr'>dicendi</span> <span class='ocrx_word' id='word_1_66' title='bbox 571 1136 661 1215; x_wconf 89' lang='lat' dir='ltr'>sunt,</span> <span class='ocrx_word' id='word_1_67' title='bbox 690 1135 746 1218; x_wconf 91' lang='lat' dir='ltr'>qui</span> <span class='ocrx_word' id='word_1_68' title='bbox 774 1135 938 1218; x_wconf 89' lang='lat' dir='ltr'>perpetuis</span> <span class='ocrx_word' id='word_1_69' title='bbox 966 1135 1075 1199; x_wconf 84' lang='lat' dir='ltr'>innexi</span> 
     </span>
     <span class='ocr_line' id='line_1_11' title="bbox 57 1223 1117 1307; baseline -0.002 -16"><span class='ocrx_word' id='word_1_70' title='bbox 57 1224 195 1291; x_wconf 87' lang='grc'><strong>1111111111</strong></span> <span class='ocrx_word' id='word_1_71' title='bbox 220 1228 253 1287; x_wconf 87' lang='grc'>11</span> <span class='ocrx_word' id='word_1_72' title='bbox 276 1223 428 1287; x_wconf 91' lang='lat' dir='ltr'>diuturno</span> <span class='ocrx_word' id='word_1_73' title='bbox 453 1223 602 1306; x_wconf 87' lang='lat' dir='ltr'>squalore</span> <span class='ocrx_word' id='word_1_74' title='bbox 626 1227 805 1287; x_wconf 78' lang='lat' dir='ltr'>marcentes</span> <span class='ocrx_word' id='word_1_75' title='bbox 830 1223 931 1287; x_wconf 88' lang='lat' dir='ltr'>vitam</span> <span class='ocrx_word' id='word_1_76' title='bbox 956 1245 1074 1307; x_wconf 87' lang='lat' dir='ltr'>poena·</span> <span class='ocrx_word' id='word_1_77' title='bbox 1090 1256 1117 1296; x_wconf 84' lang='lat'>10</span> 
     </span>
     <span class='ocr_line' id='line_1_12' title="bbox 57 1310 1076 1395; baseline -0.001 -18"><span class='ocrx_word' id='word_1_78' title='bbox 57 1315 120 1377; x_wconf 88' lang='lat' dir='ltr'>lem</span> <span class='ocrx_word' id='word_1_79' title='bbox 147 1312 210 1376; x_wconf 87' lang='lat' dir='ltr'>sibi</span> <span class='ocrx_word' id='word_1_80' title='bbox 235 1314 520 1376; x_wconf 74' lang='lat' dir='ltr'>consenescentem</span> <span class='ocrx_word' id='word_1_81' title='bbox 544 1312 734 1394; x_wconf 87' lang='lat' dir='ltr'>producunt.</span> <span class='ocrx_word' id='word_1_82' title='bbox 771 1310 886 1395; x_wconf 88' lang='lat' dir='ltr'>Neque</span> <span class='ocrx_word' id='word_1_83' title='bbox 909 1313 995 1376; x_wconf 89' lang='lat' dir='ltr'>enim</span> <span class='ocrx_word' id='word_1_84' title='bbox 1014 1313 1076 1377; x_wconf 81' lang='lat' dir='ltr'>‹lis-</span> 
     </span>
     <span class='ocr_line' id='line_1_13' title="bbox 59 1400 1074 1485; baseline 0.002 -19"><span class='ocrx_word' id='word_1_85' title='bbox 59 1406 170 1484; x_wconf 90' lang='lat' dir='ltr'>crepat</span> <span class='ocrx_word' id='word_1_86' title='bbox 193 1402 233 1465; x_wconf 91' lang='lat' dir='ltr'>ab</span> <span class='ocrx_word' id='word_1_87' title='bbox 258 1401 304 1464; x_wconf 91' lang='grc'>111</span> <span class='ocrx_word' id='word_1_88' title='bbox 328 1404 437 1465; x_wconf 87' lang='lat' dir='ltr'>vestra</span> <span class='ocrx_word' id='word_1_89' title='bbox 460 1400 680 1485; x_wconf 83' lang='lat' dir='ltr'>philosophia.</span> <span class='ocrx_word' id='word_1_90' title='bbox 718 1400 805 1466; x_wconf 89' lang='lat' dir='ltr'>Nam</span> <span class='ocrx_word' id='word_1_91' title='bbox 828 1401 922 1465; x_wconf 87' lang='lat' dir='ltr'>vobis</span> <span class='ocrx_word' id='word_1_92' title='bbox 949 1402 995 1466; x_wconf 84' lang='lat' dir='ltr'>ita</span> <span class='ocrx_word' id='word_1_93' title='bbox 1018 1402 1074 1468; x_wconf 94' lang='lat' dir='ltr'>bo-</span> 
     </span>
     <span class='ocr_line' id='line_1_14' title="bbox 58 1487 1075 1574; baseline 0.001 -19"><span class='ocrx_word' id='word_1_94' title='bbox 58 1511 176 1555; x_wconf 89' lang='lat' dir='ltr'>norum</span> <span class='ocrx_word' id='word_1_95' title='bbox 199 1511 277 1554; x_wconf 90' lang='lat' dir='ltr'>usus</span> <span class='ocrx_word' id='word_1_96' title='bbox 301 1490 492 1554; x_wconf 87' lang='lat' dir='ltr'>interdictus</span> <span class='ocrx_word' id='word_1_97' title='bbox 517 1493 580 1568; x_wconf 87' lang='lat' dir='ltr'>est,</span> <span class='ocrx_word' id='word_1_98' title='bbox 608 1493 645 1552; x_wconf 90' lang='lat' dir='ltr'>nt</span> <span class='ocrx_word' id='word_1_99' title='bbox 667 1489 742 1555; x_wconf 89' lang='lat' dir='ltr'>illis.</span> <span class='ocrx_word' id='word_1_100' title='bbox 788 1487 970 1573; x_wconf 81' lang='lat' dir='ltr'>Cruciatus,</span> <span class='ocrx_word' id='word_1_101' title='bbox 994 1513 1075 1574; x_wconf 90' lang='lat' dir='ltr'>quos</span> 
     </span>
     <span class='ocr_line' id='line_1_15' title="bbox 58 1577 1076 1662; baseline 0.001 -18"><span class='ocrx_word' id='word_1_102' title='bbox 58 1578 244 1644; x_wconf 90' lang='lat' dir='ltr'>criminosis</span> <span class='ocrx_word' id='word_1_103' title='bbox 259 1577 344 1662; x_wconf 90' lang='lat' dir='ltr'>apud</span> <span class='ocrx_word' id='word_1_104' title='bbox 363 1600 421 1642; x_wconf 91' lang='lat' dir='ltr'>nos</span> <span class='ocrx_word' id='word_1_105' title='bbox 441 1578 514 1642; x_wconf 91' lang='lat' dir='ltr'>iura</span> <span class='ocrx_word' id='word_1_106' title='bbox 533 1581 719 1662; x_wconf 82' lang='lat' dir='ltr'>sanxerunt,</span> <span class='ocrx_word' id='word_1_107' title='bbox 737 1578 831 1642; x_wconf 86' lang='lat' dir='ltr'>vobis</span> <span class='ocrx_word' id='word_1_108' title='bbox 851 1580 902 1642; x_wconf 86' lang='lat' dir='ltr'>lex</span> <span class='ocrx_word' id='word_1_109' title='bbox 916 1581 1076 1645; x_wconf 87' lang='lat' dir='ltr'>naturalis</span> 
     </span>
     <span class='ocr_line' id='line_1_16' title="bbox 59 1667 1117 1751; baseline 0.005 -19"><span class='ocrx_word' id='word_1_110' title='bbox 59 1667 218 1745; x_wconf 84' lang='lat' dir='ltr'>adhibuit,</span> <span class='ocrx_word' id='word_1_111' title='bbox 241 1671 273 1731; x_wconf 92' lang='lat' dir='ltr'>et</span> <span class='ocrx_word' id='word_1_112' title='bbox 292 1669 473 1751; x_wconf 87' lang='lat' dir='ltr'>praecepta,</span> <span class='ocrx_word' id='word_1_113' title='bbox 498 1687 580 1749; x_wconf 86' lang='lat' dir='ltr'>quae</span> <span class='ocrx_word' id='word_1_114' title='bbox 598 1667 690 1731; x_wconf 84' lang='lat' dir='ltr'>vobis</span> <span class='ocrx_word' id='word_1_115' title='bbox 711 1667 929 1732; x_wconf 75' lang='lat' dir='ltr'>continentiae</span> <span class='ocrx_word' id='word_1_116' title='bbox 949 1672 1076 1734; x_wconf 86' lang='lat' dir='ltr'>vestrae</span> <span class='ocrx_word' id='word_1_117' title='bbox 1091 1698 1117 1738; x_wconf 82' lang='lat'>15</span> 
     </span>
     <span class='ocr_line' id='line_1_17' title="bbox 59 1755 1077 1840; baseline 0.001 -19"><span class='ocrx_word' id='word_1_118' title='bbox 59 1757 238 1821; x_wconf 83' lang='lat' dir='ltr'>necessitas</span> <span class='ocrx_word' id='word_1_119' title='bbox 262 1755 363 1839; x_wconf 85' lang='lat' dir='ltr'>dedit,</span> <span class='ocrx_word' id='word_1_120' title='bbox 389 1756 455 1819; x_wconf 85' lang='lat' dir='ltr'>illis</span> <span class='ocrx_word' id='word_1_121' title='bbox 480 1776 589 1821; x_wconf 89' lang='lat' dir='ltr'>carcer</span> <span class='ocrx_word' id='word_1_122' title='bbox 612 1755 764 1820; x_wconf 87' lang='lat' dir='ltr'>instituit</span> <span class='ocrx_word' id='word_1_123' title='bbox 809 1755 862 1820; x_wconf 88' lang='lat' dir='ltr'>Ita</span> <span class='ocrx_word' id='word_1_124' title='bbox 885 1756 936 1840; x_wconf 92' lang='lat' dir='ltr'>fit,</span> <span class='ocrx_word' id='word_1_125' title='bbox 960 1758 1077 1840; x_wconf 89' lang='lat' dir='ltr'>utqui</span> 
     </span>
     <span class='ocr_line' id='line_1_18' title="bbox 61 1844 1076 1929; baseline 0 -20"><span class='ocrx_word' id='word_1_126' title='bbox 61 1868 82 1909; x_wconf 90' lang='lat' dir='ltr'>a</span> <span class='ocrx_word' id='word_1_127' title='bbox 105 1844 197 1908; x_wconf 86' lang='lat' dir='ltr'>robis</span> <span class='ocrx_word' id='word_1_128' title='bbox 220 1844 409 1929; x_wconf 91' lang='lat' dir='ltr'>philosophi</span> <span class='ocrx_word' id='word_1_129' title='bbox 431 1847 601 1926; x_wconf 80' lang='lat' dir='ltr'>vocantur,</span> <span class='ocrx_word' id='word_1_130' title='bbox 628 1845 675 1907; x_wconf 89' lang='lat' dir='ltr'>rei</span> <span class='ocrx_word' id='word_1_131' title='bbox 697 1845 949 1926; x_wconf 84' lang='lat' dir='ltr'>pronuntientur</span> <span class='ocrx_word' id='word_1_132' title='bbox 976 1867 996 1909; x_wconf 91' lang='lat' dir='ltr'>a</span> <span class='ocrx_word' id='word_1_133' title='bbox 1018 1867 1076 1910; x_wconf 92' lang='lat' dir='ltr'>no-</span> 
     </span>
     <span class='ocr_line' id='line_1_19' title="bbox 60 1931 1076 2016; baseline -0.001 -19"><span class='ocrx_word' id='word_1_134' title='bbox 60 1932 121 1997; x_wconf 92' lang='lat' dir='ltr'>bis.</span> <span class='ocrx_word' id='word_1_135' title='bbox 174 1932 217 1997; x_wconf 83' lang='lat' dir='ltr'>Et</span> <span class='ocrx_word' id='word_1_136' title='bbox 248 1954 324 1997; x_wconf 89' lang='lat' dir='ltr'>sane</span> <span class='ocrx_word' id='word_1_137' title='bbox 357 1933 509 1996; x_wconf 89' lang='lat' dir='ltr'>convenit</span> <span class='ocrx_word' id='word_1_138' title='bbox 539 1935 664 1996; x_wconf 86' lang='lat' dir='ltr'>vestras</span> <span class='ocrx_word' id='word_1_139' title='bbox 695 1931 843 1996; x_wconf 89' lang='lat' dir='ltr'>miserias</span> <span class='ocrx_word' id='word_1_140' title='bbox 874 1932 985 2016; x_wconf 89' lang='lat' dir='ltr'>potius</span> <span class='ocrx_word' id='word_1_141' title='bbox 1018 1954 1076 1997; x_wconf 90' lang='lat' dir='ltr'>vos</span> 
     </span>
     <span class='ocr_line' id='line_1_20' title="bbox 59 2019 1077 2106; baseline 0 -20"><span class='ocrx_word' id='word_1_142' title='bbox 59 2024 171 2106; x_wconf 84' lang='lat' dir='ltr'>lugere</span> <span class='ocrx_word' id='word_1_143' title='bbox 194 2043 316 2105; x_wconf 90' lang='lat' dir='ltr'>proque</span> <span class='ocrx_word' id='word_1_144' title='bbox 339 2022 443 2085; x_wconf 87' lang='lat' dir='ltr'>tantis</span> <span class='ocrx_word' id='word_1_145' title='bbox 467 2020 562 2085; x_wconf 91' lang='lat' dir='ltr'>malis</span> <span class='ocrx_word' id='word_1_146' title='bbox 588 2020 717 2084; x_wconf 88' lang='lat' dir='ltr'>trahere</span> <span class='ocrx_word' id='word_1_147' title='bbox 740 2019 900 2103; x_wconf 78' lang='lat' dir='ltr'>profunda</span> <span class='ocrx_word' id='word_1_148' title='bbox 928 2020 1077 2102; x_wconf 87' lang='lat' dir='ltr'>suspiria.</span> 
     </span>
     <span class='ocr_line' id='line_1_21' title="bbox 61 2107 1118 2193; baseline 0.001 -20"><span class='ocrx_word' id='word_1_149' title='bbox 61 2110 147 2187; x_wconf 83' lang='lat' dir='ltr'>Quid</span> <span class='ocrx_word' id='word_1_150' title='bbox 177 2110 262 2175; x_wconf 89' lang='lat' dir='ltr'>enim</span> <span class='ocrx_word' id='word_1_151' title='bbox 291 2109 459 2193; x_wconf 85' lang='lat' dir='ltr'>afflictius,</span> <span class='ocrx_word' id='word_1_152' title='bbox 490 2108 566 2193; x_wconf 91' lang='lat' dir='ltr'>quid</span> <span class='ocrx_word' id='word_1_153' title='bbox 597 2107 817 2173; x_wconf 89' lang='lat' dir='ltr'>calamitosius</span> <span class='ocrx_word' id='word_1_154' title='bbox 847 2108 994 2192; x_wconf 88' lang='lat' dir='ltr'>homine,</span> <span class='ocrx_word' id='word_1_155' title='bbox 1025 2111 1076 2175; x_wconf 90' lang='lat' dir='ltr'>cui</span> <span class='ocrx_word' id='word_1_156' title='bbox 1092 2143 1118 2182; x_wconf 74' lang='lat'>20</span> 
     </span>
     <span class='ocr_line' id='line_1_22' title="bbox 60 2195 1078 2283; baseline -0.001 -21"><span class='ocrx_word' id='word_1_157' title='bbox 60 2200 164 2263; x_wconf 90' lang='lat' dir='ltr'>libere</span> <span class='ocrx_word' id='word_1_158' title='bbox 192 2199 321 2263; x_wconf 86' lang='lat' dir='ltr'>vivendi</span> <span class='ocrx_word' id='word_1_159' title='bbox 351 2201 472 2283; x_wconf 84' lang='lat' dir='ltr'>negata</span> <span class='ocrx_word' id='word_1_160' title='bbox 501 2200 648 2282; x_wconf 88' lang='lat' dir='ltr'>potestas</span> <span class='ocrx_word' id='word_1_161' title='bbox 678 2196 751 2261; x_wconf 85' lang='lat' dir='ltr'>est?</span> <span class='ocrx_word' id='word_1_162' title='bbox 802 2195 936 2261; x_wconf 89' lang='lat' dir='ltr'>Interim</span> <span class='ocrx_word' id='word_1_163' title='bbox 967 2197 1078 2282; x_wconf 90' lang='lat' dir='ltr'>liquet,</span> 
     </span>
     <span class='ocr_line' id='line_1_23' title="bbox 61 2286 1077 2371; baseline -0.001 -18"><span class='ocrx_word' id='word_1_164' title='bbox 61 2288 140 2371; x_wconf 89' lang='lat' dir='ltr'>qnid</span> <span class='ocrx_word' id='word_1_165' title='bbox 160 2288 198 2352; x_wconf 89' lang='lat' dir='ltr'>de</span> <span class='ocrx_word' id='word_1_166' title='bbox 216 2287 336 2353; x_wconf 81' lang='lat' dir='ltr'>vestris</span> <span class='ocrx_word' id='word_1_167' title='bbox 354 2287 500 2351; x_wconf 90' lang='lat' dir='ltr'>moribus</span> <span class='ocrx_word' id='word_1_168' title='bbox 519 2286 596 2350; x_wconf 88' lang='lat' dir='ltr'>deus</span> <span class='ocrx_word' id='word_1_169' title='bbox 616 2289 730 2350; x_wconf 86' lang='lat' dir='ltr'>auctor</span> <span class='ocrx_word' id='word_1_170' title='bbox 748 2286 975 2371; x_wconf 84' lang='lat' dir='ltr'>praesenserit,</span> <span class='ocrx_word' id='word_1_171' title='bbox 994 2308 1077 2370; x_wconf 88' lang='lat' dir='ltr'>quos</span> 
     </span>
     <span class='ocr_line' id='line_1_24' title="bbox 60 2374 1076 2461; baseline 0.001 -21"><span class='ocrx_word' id='word_1_172' title='bbox 60 2377 169 2441; x_wconf 90' lang='lat' dir='ltr'>noluit</span> <span class='ocrx_word' id='word_1_173' title='bbox 192 2375 357 2441; x_wconf 86' lang='lat' dir='ltr'>Tartareis</span> <span class='ocrx_word' id='word_1_174' title='bbox 380 2379 457 2461; x_wconf 91' lang='lat' dir='ltr'>post</span> <span class='ocrx_word' id='word_1_175' title='bbox 480 2374 604 2440; x_wconf 90' lang='lat' dir='ltr'>obitum</span> <span class='ocrx_word' id='word_1_176' title='bbox 627 2396 793 2440; x_wconf 82' lang='lat' dir='ltr'>reservare</span> <span class='ocrx_word' id='word_1_177' title='bbox 817 2376 995 2459; x_wconf 89' lang='lat' dir='ltr'>suppliciis,</span> <span class='ocrx_word' id='word_1_178' title='bbox 1021 2377 1076 2441; x_wconf 89' lang='lat' dir='ltr'>sed</span> 
     </span>
     <span class='ocr_line' id='line_1_25' title="bbox 61 2463 1078 2550; baseline 0.001 -20"><span class='ocrx_word' id='word_1_179' title='bbox 61 2466 156 2530; x_wconf 86' lang='grc'><strong>11111</strong></span> <span class='ocrx_word' id='word_1_180' title='bbox 180 2465 322 2548; x_wconf 86' lang='lat' dir='ltr'>perferre</span> <span class='ocrx_word' id='word_1_181' title='bbox 346 2465 464 2530; x_wconf 87' lang='lat' dir='ltr'>statuit</span> <span class='ocrx_word' id='word_1_182' title='bbox 486 2463 630 2550; x_wconf 85' lang='lat' dir='ltr'>inopiam</span> <span class='ocrx_word' id='word_1_183' title='bbox 654 2467 871 2547; x_wconf 87' lang='lat' dir='ltr'>mortuorum,</span> <span class='ocrx_word' id='word_1_184' title='bbox 899 2487 994 2550; x_wconf 91' lang='lat' dir='ltr'>quarn</span> <span class='ocrx_word' id='word_1_185' title='bbox 1019 2488 1078 2531; x_wconf 91' lang='lat' dir='ltr'>vos</span> 
     </span>
     <span class='ocr_line' id='line_1_26' title="bbox 61 2552 1120 2637; baseline 0.002 -20"><span class='ocrx_word' id='word_1_186' title='bbox 61 2554 289 2637; x_wconf 77' lang='lat' dir='ltr'>philosophiae</span> <span class='ocrx_word' id='word_1_187' title='bbox 316 2554 476 2620; x_wconf 84' lang='lat' dir='ltr'>vocabulo</span> <span class='ocrx_word' id='word_1_188' title='bbox 504 2553 589 2618; x_wconf 90' lang='lat' dir='ltr'>falso</span> <span class='ocrx_word' id='word_1_189' title='bbox 618 2554 827 2618; x_wconf 87' lang='lat' dir='ltr'>concinnatis.</span> <span class='ocrx_word' id='word_1_190' title='bbox 872 2552 941 2619; x_wconf 89' lang='lat' dir='ltr'>Nec</span> <span class='ocrx_word' id='word_1_191' title='bbox 969 2557 1077 2619; x_wconf 89' lang='lat' dir='ltr'>tamen</span> <span class='ocrx_word' id='word_1_192' title='bbox 1094 2591 1120 2631; x_wconf 76' lang='lat'>25</span> 
     </span>
     <span class='ocr_line' id='line_1_27' title="bbox 63 2640 1080 2725; baseline -0.001 -18"><span class='ocrx_word' id='word_1_193' title='bbox 63 2665 103 2707; x_wconf 86' lang='lat' dir='ltr'>ex</span> <span class='ocrx_word' id='word_1_194' title='bbox 121 2643 183 2706; x_wconf 94' lang='lat' dir='ltr'>hoc</span> <span class='ocrx_word' id='word_1_195' title='bbox 203 2643 319 2725; x_wconf 87' lang='lat' dir='ltr'>aliquis</span> <span class='ocrx_word' id='word_1_196' title='bbox 338 2643 432 2707; x_wconf 88' lang='lat' dir='ltr'>vobis</span> <span class='ocrx_word' id='word_1_197' title='bbox 451 2641 575 2706; x_wconf 89' lang='lat' dir='ltr'>fructus</span> <span class='ocrx_word' id='word_1_198' title='bbox 593 2642 700 2707; x_wconf 90' lang='lat' dir='ltr'>laudis</span> <span class='ocrx_word' id='word_1_199' title='bbox 721 2641 906 2724; x_wconf 89' lang='lat' dir='ltr'>acquiritur.</span> <span class='ocrx_word' id='word_1_200' title='bbox 943 2640 1080 2706; x_wconf 90' lang='lat' dir='ltr'>Nullum</span> 
     </span>
     <span class='ocr_line' id='line_1_28' title="bbox 64 2729 1080 2811; baseline -0.001 -15"><span class='ocrx_word' id='word_1_201' title='bbox 64 2732 151 2796; x_wconf 89' lang='lat' dir='ltr'>enim</span> <span class='ocrx_word' id='word_1_202' title='bbox 175 2731 307 2795; x_wconf 88' lang='lat' dir='ltr'>virtutis</span> <span class='ocrx_word' id='word_1_203' title='bbox 336 2731 489 2793; x_wconf 89' lang='lat' dir='ltr'>meritum</span> <span class='ocrx_word' id='word_1_204' title='bbox 518 2733 568 2794; x_wconf 88' lang='lat' dir='ltr'>est</span> <span class='ocrx_word' id='word_1_205' title='bbox 596 2729 628 2793; x_wconf 94' lang='lat' dir='ltr'>id</span> <span class='ocrx_word' id='word_1_206' title='bbox 651 2729 810 2810; x_wconf 88' lang='lat' dir='ltr'>nancisci,</span> <span class='ocrx_word' id='word_1_207' title='bbox 839 2730 924 2811; x_wconf 91' lang='lat' dir='ltr'>quod</span> <span class='ocrx_word' id='word_1_208' title='bbox 953 2734 1080 2795; x_wconf 88' lang='lat' dir='ltr'>mutare</span> 
     </span>
    </p>
   </div>
   <div class='ocr_carea' id='block_1_5' title="bbox 65 2972 1105 3540">
    <p class='ocr_par' dir='ltr' id='par_1_5' title="bbox 65 2972 1105 3540">
     <span class='ocr_line' id='line_1_29' title="bbox 156 2972 1081 3043; baseline -0.001 -15"><span class='ocrx_word' id='word_1_209' title='bbox 156 2973 233 3028; x_wconf 78' lang='lat' dir='ltr'>2Tu</span> <span class='ocrx_word' id='word_1_210' title='bbox 256 2972 342 3043; x_wconf 92' lang='lat' dir='ltr'>nunc]</span> <span class='ocrx_word' id='word_1_211' title='bbox 366 2975 432 3026; x_wconf 91' lang='lat' dir='ltr'>tunc</span> <span class='ocrx_word' id='word_1_212' title='bbox 455 2973 490 3027; x_wconf 85' lang='lat' dir='ltr'>L.</span> <span class='ocrx_word' id='word_1_213' title='bbox 522 2974 552 3026; x_wconf 89' lang='grc'>11</span> <span class='ocrx_word' id='word_1_214' title='bbox 575 2972 653 3028; x_wconf 69' lang='lat' dir='ltr'>RB.</span> <span class='ocrx_word' id='word_1_215' title='bbox 682 2989 727 3026; x_wconf 88' lang='lat' dir='ltr'>me</span> <span class='ocrx_word' id='word_1_216' title='bbox 750 2972 826 3026; x_wconf 74' lang='lat' dir='ltr'>LP.</span> <span class='ocrx_word' id='word_1_217' title='bbox 899 2972 1026 3042; x_wconf 75' lang='lat' dir='ltr'>laperit</span> <span class='ocrx_word' id='word_1_218' title='bbox 1046 2973 1081 3027; x_wconf 88' lang='lat' dir='ltr'>L.</span> 
     </span>
     <span class='ocr_line' id='line_1_30' title="bbox 65 3043 1081 3115; baseline -0.003 -14"><span class='ocrx_word' id='word_1_219' title='bbox 65 3047 231 3115; x_wconf 77' lang='lat' dir='ltr'>oapposite</span> <span class='ocrx_word' id='word_1_220' title='bbox 250 3045 286 3099; x_wconf 80' lang='lat' dir='ltr'>L.</span> <span class='ocrx_word' id='word_1_221' title='bbox 320 3043 454 3113; x_wconf 88' lang='lat' dir='ltr'>quoniam</span> <span class='ocrx_word' id='word_1_222' title='bbox 472 3043 548 3101; x_wconf 71' lang='lat' dir='ltr'>LR.</span> <span class='ocrx_word' id='word_1_223' title='bbox 577 3059 660 3111; x_wconf 86' lang='lat' dir='ltr'>quam</span> <span class='ocrx_word' id='word_1_224' title='bbox 684 3043 759 3098; x_wconf 89' lang='lat' dir='ltr'><strong><em>P.B.</em></strong></span> <span class='ocrx_word' id='word_1_225' title='bbox 833 3047 917 3097; x_wconf 85' lang='lat' dir='ltr'>8ros</span> <span class='ocrx_word' id='word_1_226' title='bbox 936 3059 986 3099; x_wconf 88' lang='lat' dir='ltr'>om.</span> <span class='ocrx_word' id='word_1_227' title='bbox 1006 3044 1081 3100; x_wconf 87' lang='lat' dir='ltr'><strong><em>L.B.</em></strong></span> 
     </span>
     <span class='ocr_line' id='line_1_31' title="bbox 66 3112 1082 3242; baseline -0.003 -70"><span class='ocrx_word' id='word_1_228' title='bbox 66 3123 99 3172; x_wconf 80' lang='grc'>11</span> <span class='ocrx_word' id='word_1_229' title='bbox 119 3117 181 3242; x_wconf 39' lang='lat' dir='ltr'>ita}</span> <span class='ocrx_word' id='word_1_230' title='bbox 192 3116 261 3172; x_wconf 89' lang='lat' dir='ltr'>item</span> <span class='ocrx_word' id='word_1_231' title='bbox 276 3118 311 3172; x_wconf 92' lang='lat' dir='ltr'>B.</span> <span class='ocrx_word' id='word_1_232' title='bbox 351 3121 382 3168; x_wconf 89' lang='grc'>13</span> <span class='ocrx_word' id='word_1_233' title='bbox 402 3116 447 3169; x_wconf 87' lang='grc'>111</span> <span class='ocrx_word' id='word_1_234' title='bbox 461 3115 494 3168; x_wconf 90' lang='lat' dir='ltr'>ut</span> <span class='ocrx_word' id='word_1_235' title='bbox 508 3112 566 3168; x_wconf 87' lang='lat' dir='ltr'>illie</span> <span class='ocrx_word' id='word_1_236' title='bbox 581 3115 617 3169; x_wconf 92' lang='lat' dir='ltr'>B.</span> <span class='ocrx_word' id='word_1_237' title='bbox 641 3114 719 3169; x_wconf 89' lang='lat' dir='ltr'>utilis</span> <span class='ocrx_word' id='word_1_238' title='bbox 733 3117 777 3169; x_wconf 87' lang='lat' dir='ltr'>est</span> <span class='ocrx_word' id='word_1_239' title='bbox 790 3119 838 3170; x_wconf 81' lang='lat' dir='ltr'>cet.</span> <span class='ocrx_word' id='word_1_240' title='bbox 863 3114 1031 3169; x_wconf 85' lang='lat' dir='ltr'>cruciatibus</span> <span class='ocrx_word' id='word_1_241' title='bbox 1045 3115 1082 3169; x_wconf 88' lang='lat' dir='ltr'>B.</span> 
     </span>
     <span class='ocr_line' id='line_1_32' title="bbox 65 3185 1082 3257; baseline -0.003 -14"><span class='ocrx_word' id='word_1_242' title='bbox 65 3206 136 3257; x_wconf 89' lang='lat' dir='ltr'>quos</span> <span class='ocrx_word' id='word_1_243' title='bbox 184 3189 231 3243; x_wconf 91' lang='lat' dir='ltr'>.B.</span> <span class='ocrx_word' id='word_1_244' title='bbox 259 3203 312 3256; x_wconf 90' lang='lat' dir='ltr'>qne</span> <span class='ocrx_word' id='word_1_245' title='bbox 333 3186 365 3241; x_wconf 93' lang='lat' dir='ltr'>P.</span> <span class='ocrx_word' id='word_1_246' title='bbox 392 3185 467 3254; x_wconf 90' lang='lat' dir='ltr'>quod</span> <span class='ocrx_word' id='word_1_247' title='bbox 486 3185 521 3240; x_wconf 86' lang='lat' dir='ltr'>R.</span> <span class='ocrx_word' id='word_1_248' title='bbox 584 3191 617 3240; x_wconf 78' lang='grc'>17</span> <span class='ocrx_word' id='word_1_249' title='bbox 636 3185 853 3254; x_wconf 87' lang='lat' dir='ltr'>pronuntiantur</span> <span class='ocrx_word' id='word_1_250' title='bbox 864 3185 906 3241; x_wconf 80' lang='grc'>,11</span> <span class='ocrx_word' id='word_1_251' title='bbox 967 3190 1000 3240; x_wconf 89' lang='lat'>18</span> <span class='ocrx_word' id='word_1_252' title='bbox 1019 3186 1082 3257; x_wconf 88' lang='lat' dir='ltr'>vos]</span> 
     </span>
     <span class='ocr_line' id='line_1_33' title="bbox 65 3254 1080 3328; baseline -0.002 -14"><span class='ocrx_word' id='word_1_253' title='bbox 65 3276 117 3314; x_wconf 90' lang='lat' dir='ltr'>nos</span> <span class='ocrx_word' id='word_1_254' title='bbox 136 3260 173 3314; x_wconf 84' lang='lat' dir='ltr'>R.</span> <span class='ocrx_word' id='word_1_255' title='bbox 229 3265 262 3314; x_wconf 84' lang='lat'>19</span> <span class='ocrx_word' id='word_1_256' title='bbox 282 3273 388 3328; x_wconf 89' lang='lat' dir='ltr'>proque</span> <span class='ocrx_word' id='word_1_257' title='bbox 408 3273 504 3311; x_wconf 87' lang='lat' dir='ltr'>carum</span> <span class='ocrx_word' id='word_1_258' title='bbox 523 3256 559 3312; x_wconf 87' lang='lat' dir='ltr'>R.</span> <span class='ocrx_word' id='word_1_259' title='bbox 616 3261 651 3311; x_wconf 79' lang='lat'>20</span> <span class='ocrx_word' id='word_1_260' title='bbox 671 3255 744 3322; x_wconf 81' lang='lat' dir='ltr'>Quid</span> <span class='ocrx_word' id='word_1_261' title='bbox 763 3257 838 3311; x_wconf 88' lang='lat' dir='ltr'>enim</span> <span class='ocrx_word' id='word_1_262' title='bbox 857 3256 891 3311; x_wconf 87' lang='lat' dir='ltr'>R.</span> <span class='ocrx_word' id='word_1_263' title='bbox 918 3254 987 3324; x_wconf 91' lang='lat' dir='ltr'>quid</span> <span class='ocrx_word' id='word_1_264' title='bbox 1005 3257 1080 3312; x_wconf 85' lang='lat' dir='ltr'><strong><em>L.B.</em></strong></span> 
     </span>
     <span class='ocr_line' id='line_1_34' title="bbox 66 3327 1082 3411; baseline -0.002 -27"><span class='ocrx_word' id='word_1_265' title='bbox 66 3331 141 3400; x_wconf 91' lang='lat' dir='ltr'>quod</span> <span class='ocrx_word' id='word_1_266' title='bbox 167 3330 201 3384; x_wconf 91' lang='lat' dir='ltr'>P.</span> <span class='ocrx_word' id='word_1_267' title='bbox 293 3335 326 3383; x_wconf 78' lang='lat'>21</span> <span class='ocrx_word' id='word_1_268' title='bbox 349 3328 464 3411; x_wconf 75' lang='lat' dir='ltr'>Interim</span> <span class='ocrx_word' id='word_1_269' title='bbox 487 3327 636 3411; x_wconf 58' lang='lat' dir='ltr'>liqueiss·</span> <span class='ocrx_word' id='word_1_270' title='bbox 669 3327 880 3410; x_wconf 50' lang='lat' dir='ltr'>interim,L.P.</span> <span class='ocrx_word' id='word_1_271' title='bbox 914 3328 1019 3383; x_wconf 86' lang='lat' dir='ltr'>arbiter</span> <span class='ocrx_word' id='word_1_272' title='bbox 1041 3328 1082 3382; x_wconf 91' lang='lat' dir='ltr'>in·</span> 
     </span>
     <span class='ocr_line' id='line_1_35' title="bbox 68 3397 1105 3540; baseline -0.013 -12"><span class='ocrx_word' id='word_1_273' title='bbox 68 3401 216 3528; x_wconf 53' lang='lat' dir='ltr'>ittet</span> <span class='ocrx_word' id='word_1_274' title='bbox 234 3472 270 3527; x_wconf 77' lang='grc'>1.</span> <span class='ocrx_word' id='word_1_275' title='bbox 306 3397 870 3540; x_wconf 55' lang='lat' dir='ltr'>deludat‘&#39;elllqtlltltd·</span> <span class='ocrx_word' id='word_1_276' title='bbox 906 3475 945 3521; x_wconf 66' lang='lat' dir='ltr'>a</span> <span class='ocrx_word' id='word_1_277' title='bbox 961 3404 1105 3520; x_wconf 64' lang='lat' dir='ltr'>{issa</span> 
     </span>
    </p>
   </div>
   <div class='ocr_carea' id='block_1_6' title="bbox 68 3543 347 3600">
    <p class='ocr_par' dir='ltr' id='par_1_6' title="bbox 68 3543 347 3600">
     <span class='ocr_line' id='line_1_36' title="bbox 68 3543 347 3600; baseline -0.007 -1"><span class='ocrx_word' id='word_1_278' title='bbox 68 3544 146 3599; x_wconf 77' lang='grc'><strong>1111.</strong></span> <span class='ocrx_word' id='word_1_279' title='bbox 174 3543 252 3599; x_wconf 87' lang='lat' dir='ltr'>nasci</span> <span class='ocrx_word' id='word_1_280' title='bbox 270 3543 304 3600; x_wconf 81' lang='lat' dir='ltr'>L.</span> <span class='ocrx_word' id='word_1_281' title='bbox 312 3543 347 3598; x_wconf 90' lang='lat' dir='ltr'>P.</span> 
     </span>
    </p>
   </div>
   <div class='ocr_carea' id='block_1_7' title="bbox 0 0 1230 3826">
    <p class='ocr_par' dir='ltr' id='par_1_7' title="bbox 0 0 1230 3826">
     <span class='ocr_line' id='line_1_37' title="bbox 0 0 1230 3826; baseline 0 0"><span class='ocrx_word' id='word_1_282' title='bbox 0 0 1230 3826; x_wconf 95' lang='lat' dir='ltr'> </span> 
     </span>
    </p>
   </div>
  </div>
 </body>
</html>
