2414 3826
335 184 453 240 PRIMA
471 184 673 240 RESPONSIO
694 186 850 242 DINDIMI.
1038 187 1101 251 l'l'l

83 347 316 430 stellarumque
345 347 527 430 fulgoribus
558 349 707 431 rutilare,
741 350 842 413 solem
873 349 1020 434 puniceis
1054 351 1102 414 in-

81 438 211 501 vectum
242 436 406 520 iugalibus
438 436 543 501 crines
573 459 631 520 per
660 438 773 502 orbem
803 437 970 502 radiantes
1001 438 1102 503 effun-

81 525 174 608 dere,
209 546 305 608 quem
340 525 478 589 bissenis
512 526 702 590 incumbens
736 525 903 590 mensibus
938 524 1102 592 redivivus

81 635 186 678 annus
209 613 283 677 inde
306 615 525 697 persequitur,
553 617 701 697 tempora
726 614 820 678 sertis
851 637 888 680 ac
917 615 1101 699 pampineis

82 703 189 767 cincta
217 701 415 767 redimiculis
444 703 654 785 comitantur,
684 703 752 766 dies
782 724 909 787 quoque
938 704 1127 769 volubiless

81 794 115 855 et
137 791 238 854 horae
258 790 467 855 volubiliores
492 791 696 855 antecedunt
733 789 902 856 Cernimus
927 793 1028 857 etiam
1047 814 1101 877 pe·

80 881 175 963 lagus
207 879 316 944 colore
344 900 506 962 purpureo
534 883 757 961 venustatum,
788 879 873 961 quod
903 880 1039 962 placidis
1069 885 1102 944 ct

81 968 195 1032 amicis
226 969 400 1033 excitatum
425 989 551 1051 semper
578 968 729 1033 fluctibus
757 988 824 1031 non
852 966 948 1032 ferire
974 990 1100 1054 germa-

80 1078 158 1121 nam
181 1062 303 1120 terram
326 1057 477 1140 creditur,
501 1056 555 1120 sed
580 1056 741 1140 amplecti,
764 1056 855 1120 cuius
880 1056 1101 1122 multiformes

80 1145 185 1230 pisces
212 1146 350 1231 vagique
379 1145 524 1229 delphini
546 1167 605 1229 per
633 1166 774 1228 aequora
800 1144 931 1210 madida
961 1146 1101 1211 undosa·
1116 1169 1142 1210 rc

80 1255 143 1318 quc
178 1234 317 1298 saltatus
352 1235 541 1298 innocentes
573 1236 732 1299 exercent.
787 1230 988 1318 Gamporum
1024 1235 1102 1318 quin

81 1323 182 1387 etiam
211 1323 299 1386 lacta
329 1323 500 1387 virentium
530 1323 634 1406 specie
666 1324 879 1405 delectamur,
914 1344 953 1387 ex
984 1322 1131 1407 quibus,

81 1411 162 1474 odor
186 1411 392 1496 gratissimus
411 1412 523 1476 florem
549 1411 722 1478 suavitatis
741 1410 897 1475 exhalans
921 1413 1035 1477 oculos
1060 1411 1102 1476 si·

81 1499 150 1563 mul
169 1500 275 1583 pascit
294 1505 327 1564 et
345 1501 499 1566 animum.
532 1500 773 1585 Nemorumque
792 1500 888 1564 nobis
909 1503 942 1564 et
959 1499 1103 1565 fontium

81 1609 184 1672 opaca
213 1588 337 1653 scilicet
364 1589 484 1653 arridet
513 1590 710 1672 amoenitas,
740 1609 837 1673 quam
864 1589 972 1653 variae
1004 1589 1103 1653 simul
1118 1610 1143 1652 rs

82 1676 177 1740 alites
206 1677 340 1742 musicis
370 1678 579 1742 concentibus
608 1682 821 1761 personantes
854 1677 959 1742 melos
991 1677 1102 1742 dulces

81 1771 289 1847 componunt.
340 1765 429 1831 Haec
458 1769 533 1831 sunt
560 1770 695 1831 naturae
724 1767 923 1850 spectacula,
953 1787 1039 1848 quae
1071 1771 1104 1830 et

81 1853 203 1916 imitari
231 1854 361 1919 difficile
392 1858 442 1919 est
471 1858 503 1919 et
530 1854 672 1920 refutare
701 1854 873 1937 culpabile.
917 1853 992 1918 Nos
1020 1875 1103 1918 mer-

81 1941 176 2006 candi
200 1943 308 2027 gratia
330 1947 467 2027 pontum
491 1943 649 2008 classibus
678 1965 744 2008 non
769 1943 932 2006 sulcamus
959 1962 1019 2006 nec
1042 1942 1104 2007 sub

82 2031 146 2094 alio
177 2031 320 2095 iacentes
351 2032 419 2096 sole
447 2032 631 2116 provincias
662 2031 796 2096 fastidio
827 2033 933 2094 terrae
969 2029 1103 2095 alterius
1119 2052 1144 2092 ao

52 2120 277 2204 'expetimus,
312 2121 397 2204 quod
432 2125 502 2185 tam
532 2121 788 2185 commeantibus
819 2140 916 2184 saeva
951 2118 1105 2202 pericula,

82 2230 180 2291 quam
205 2209 289 2273 solet
310 2209 463 2293 perfectis
488 2229 606 2292 magns
630 2208 788 2273 miracula
805 2207 977 2292 praebere.
1012 2205 1103 2272 Nun-

82 2319 180 2379 quam
199 2319 260 2362 nos
278 2299 453 2382 peregrina
472 2299 594 2381 species
614 2299 730 2362 ardore
749 2318 826 2362 suae
844 2295 1103 2380 pulchritudinis

80 2385 307 2464 inflammavit,
326 2387 443 2472 quibus
462 2386 544 2450 nihil
565 2385 730 2451 decentius
749 2407 821 2450 esse
840 2406 892 2450 cre
900 2385 988 2450 ditur
1007 2407 1104 2469 quam

81 2474 165 2538 visio
184 2475 399 2557 propriorum.
436 2474 506 2541 Nec
522 2475 664 2541 famulos
687 2497 748 2541 nos
772 2475 837 2541 sibi
860 2474 894 2539 fa
902 2475 966 2539 ciet
988 2476 1102 2540 multis
1117 2494 1143 2536 as

82 2563 212 2626 casibus
241 2584 339 2646 opum
364 2564 514 2629 devincta
543 2566 708 2648 materies,
737 2585 818 2648 quos
845 2563 975 2628 liberos
1004 2563 1105 2627 edidit

81 2651 233 2715 absoluta
265 2653 446 2735 pauperies.
492 2651 562 2718 Nos
595 2658 698 2717 artem
730 2654 813 2717 bene
845 2651 1005 2735 loquendi
1038 2673 1104 2715 non

172 2847 185 2893 1
205 2843 335 2914 rutilare]
346 2844 457 2898 radiare
470 2844 503 2897 P.
523 2843 663 2914 puniceis]
673 2841 792 2912 pumicis
808 2841 843 2896 L.
880 2839 995 2894 tsertis
1007 2841 1103 2896 Schlcc.

79 2912 187 2981 septies
210 2912 244 2967 L.
253 2915 287 2967 P.
330 2915 437 2984 species
466 2915 539 2970 V.R.
582 2916 662 2984 septa
683 2914 719 2967 B.
763 2930 795 2981 sp
805 2913 898 2966 ociosa
920 2911 999 2967 Rlcb.
1043 2912 1105 2966 uvis

80 2985 127 3053 (=
142 2982 240 3053 VVIT)
261 2985 333 3040 Keil.
406 2986 547 3057 bcincta]
568 2989 669 3041 cuncta
691 2983 765 3038 Vn.
840 2982 1027 3106 deernimus]
1048 2999 1105 3064 cer·
1153 3016 1155 3021 >

77 3061 173 3109 tamus
192 3057 265 3113 RB.
309 3058 535 3128 tvennstatum]
555 3059 703 3112 venustare
722 3055 757 3111 B.
810 3052 988 3124 8fluct1bus]
1020 3057 1105 3108 ruotr-

78 3126 176 3179 busL.
225 3133 258 3182 10
277 3144 327 3197 per
346 3145 469 3196 aequora
487 3134 533 3184 cto.
545 3128 581 3182 R.
610 3143 763 3195 aequoreas
784 3122 929 3193 (aequoris
947 3125 983 3178 B.
1003 3141 1053 3180 om.
1063 3124 1105 3191 V.)

79 3197 209 3251 madidas
230 3199 319 3253 undas
343 3200 428 3267 atoue
452 3201 572 3254 saltatus
597 3199 697 3268 (saltus
720 3198 753 3252 L.
761 3197 792 3252 V.
807 3197 853 3263 B.)
877 3196 1040 3250 innocenter
1058 3201 1105 3250 cet.

81 3273 114 3321 la
135 3268 231 3324 florem
250 3270 284 3325 B.
293 3269 325 3324 V.
351 3270 433 3325 flores
452 3270 525 3326 ΡΒ.
555 3271 654 3324 florum
674 3269 784 3324 suavita
792 3285 825 3321 ns
849 3267 883 3322 L.
922 3273 956 3321 14
975 3265 1105 3336 fontium]

80 3337 222 3394 frondium
246 3341 277 3394 V.
335 3346 368 3396 16
388 3341 470 3396 dulce
488 3342 521 3396 L.
583 3345 615 3396 17
636 3343 701 3396 sunt
719 3357 770 3394 om.
787 3339 821 3394 L.
882 3342 917 3391 ‘20
936 3337 1051 3418 ¹fastigio
1070 3337 1105 3393 L.

80 3415 114 3463 21
135 3412 209 3478 quod
223 3414 318 3466 tamar
330 3411 361 3465 V.
387 3429 458 3480 quae
473 3413 694 3467 commeantibus
708 3415 766 3466 tam
788 3425 873 3464 saeva
885 3410 1012 3479 pencula
1025 3424 1105 3476 praa·

81 3480 194 3536 beatB.
232 3489 266 3537 22
281 3481 692 3551 quam—miraculaom.V.B.
726 3488 768 3538 ‘lb
785 3479 975 3556 crustarum,
1003 3480 1047 3527 ab
1056 3489 1129 3535 ew·

78 3552 203 3619 priorum
222 3553 255 3608 L.
280 3553 448 3624 propiorum
468 3561 517 3615 cet.
575 3561 612 3615 ab
636 3549 885 3613 consessum.
911 3544 1039 3600 nemus
1052 3540 1112 3589 cet.=

121 3649 209 3692 Iunrvs
225 3651 361 3697 Vanrrrrs.
966 3634 1010 3679 Ἢ*
