2414 3826
329 178 445 234 PRIMA
464 177 666 234 RESPONSIO
686 178 844 236 DINDIML
1030 179 1094 246 175
1113 263 1117 268 Ι

77 343 201 408 functis
223 364 283 406 nec
302 341 336 405 in
355 342 527 425 gemmatis
546 341 635 405 urnis
658 341 773 405 funera
797 342 967 406 combusta
985 364 1095 407 recon-

78 434 195 497 dimus,
233 430 327 506 Quod
349 452 415 496 non
437 430 554 494 honori
577 429 686 513 potius
705 430 859 512 duxerim,
884 431 939 494 sed
962 452 1094 514 poenae.

79 520 164 597 Quid
189 519 275 583 enim
298 519 513 583 miserabilius
537 518 589 599 his
614 518 756 598 ossibus,
784 541 865 602 quae
888 541 929 583 ne
953 521 1094 604 genitrix

78 615 169 674 terra
192 607 432 690 complectenda
454 607 590 691 recipiat
613 608 881 673 concremantur?

170 695 232 761 Sed
251 696 331 760 haec
349 699 459 760 vestra
478 699 553 761 sunt
571 699 769 780 argumenta.
802 694 829 760 0
849 696 989 780 divitiae,
1008 719 1091 781 quae
1106 714 1139 758 s·

78 808 140 851 nec
163 785 347 849 satietatem
370 785 554 849 viventibus
582 784 788 849 concessistis
817 788 849 860 et
877 786 1014 849 mortuis
1044 807 1094 850 su·

78 896 227 960 premam
251 872 395 957 requiem
416 872 603 937 sustulistis.
640 872 777 953 Invenit,
800 875 838 936 ut
859 872 962 955 video,
985 877 1094 937 vester

78 963 171 1028 furor
198 964 232 1026 in
256 963 404 1032 homines
433 965 565 1045 etpost
587 960 670 1044 fata,
698 960 784 1044 quod
812 965 971 1044 torqueat.
1017 960 1093 1025 Non

78 1052 167 1116 enim
187 1050 292 1114 sinitis
313 1050 437 1133 gremio
465 1072 522 1114 suo
545 1050 696 1114 tellurem
722 1050 846 1113 cineres
869 1049 989 1131 fovere,
1013 1071 1093 1133 quos

80 1140 195 1223 edidit,
223 1140 298 1203 dum
327 1139 479 1202 munifica
507 1138 613 1220 specie
636 1137 812 1206 ministerii
835 1138 1009 1202 iucundam
1033 1138 1090 1201 mi·
1109 1161 1135 1201 ro

80 1229 161 1293 seris
193 1228 317 1310 eripitis
349 1227 557 1310 sepulturam.
602 1224 740 1291 Discunt
769 1226 934 1310 homineS,
965 1226 1094 1310 qualem

79 1317 335 1384 vicissitudinem
361 1316 560 1380 amatoribus
580 1315 740 1379 exhibetis
760 1315 887 1381 vestris.
925 1315 993 1380 Vos
1013 1316 1094 1381 estis

79 1406 242 1470 malorum
270 1405 415 1469 omnium
443 1427 541 1469 causa
568 1404 771 1470 mortalibus.
821 1403 889 1469 Vos
917 1403 1032 1469 Asiam
1061 1408 1094 1470 et

79 1495 219 1578 Libyam
238 1494 390 1557 brevibus
410 1493 557 1557 concludi
576 1492 696 1558 finibus
716 1493 898 1559 affirmatis.
927 1493 995 1559 Vos
1015 1493 1095 1558 solis

80 1586 224 1647 meatum
255 1581 416 1664 trepidare
446 1581 571 1665 facitis,
604 1581 679 1645 dum
713 1603 824 1646 cursus
855 1582 905 1646 sui
934 1583 1091 1647 terminos
1106 1603 1133 1644 15

81 1672 180 1737 armis
205 1670 356 1754 disquirit
378 1669 573 1735 Alexander.
618 1668 687 1735 Vos
711 1670 902 1734 Tartareum
929 1669 1095 1736 custodem

81 1761 183 1843 sopiri
212 1780 306 1842 posse
337 1760 441 1842 pretio
473 1759 691 1844 suggessistis.
737 1757 806 1822 Vos
840 1760 950 1822 omnia
982 1780 1095 1824 consu-

81 1851 209 1912 mentes
232 1849 358 1912 vultum
382 1869 509 1931 semper
532 1847 675 1911 ieiunum
700 1847 822 1930 geritis.
860 1846 928 1911 Vos
952 1847 1023 1930 pias
1041 1870 1096 1931 pa-

80 1943 169 2002 trum
193 1936 320 2015 dextras
339 1939 490 2000 natorum
509 1934 630 2021 iugulis
651 1935 844 1999 scelerastis.
882 1935 951 2000 Vos
975 1937 1008 2000 in
1027 1958 1093 2000 ma-

80 2031 210 2091 ternum
234 2025 439 2090 concubitum
462 2024 661 2088 verecundos
685 2024 817 2087 iuvenes
841 2024 913 2105 ipso
936 2021 1136 2106 Cupidinem

82 2118 232 2197 stupente
257 2114 403 2177 duxistis.
438 2112 508 2177 Vos
532 2113 567 2175 in
587 2113 771 2195 superbiam
791 2131 885 2194 reges
903 2112 1095 2176 mitissimos

81 2202 253 2285 incitastis,
273 2202 390 2285 quibus
410 2223 482 2265 cum
501 2206 661 2265 terrarum
681 2200 787 2284 spatia
801 2200 933 2264 minime
948 2200 1095 2265 sufficere

83 2292 235 2373 suadetis,
254 2290 321 2374 poli
340 2311 491 2373 quaerere
510 2290 601 2354 sedes
618 2288 806 2355 hortamini.
833 2288 923 2354 Licet
941 2311 999 2354 nec
1018 2290 1096 2355 deos

81 2385 209 2445 vestros
233 2379 339 2444 morbi
359 2379 548 2443 dimiseritis
572 2383 726 2445 exsortes.
762 2377 848 2444 Nam
873 2381 906 2442 et
926 2400 984 2462 per
1007 2379 1095 2462 ipsos

80 2469 222 2533 nefanda
250 2467 464 2532 committitis.
510 2467 623 2533 Testes
652 2472 729 2532 sunt
754 2467 878 2551 Iupiter
906 2472 938 2532 et
965 2467 1095 2532 Proser·
1110 2489 1137 2530 11

81 2559 170 2643 pina,
193 2557 248 2620 illc
268 2557 352 2640 quod
372 2557 521 2639 pudicam
545 2558 712 2622 mulierem
735 2556 853 2620 fefellit
876 2561 1016 2640 auratu's,
1039 2558 1096 2621 illa

81 2646 170 2730 quod
194 2646 303 2710 vivum
327 2666 444 2729 corpus
467 2647 501 2709 in
525 2647 697 2710 Tartarum
721 2667 787 2709 non
811 2645 906 2708 aliter
929 2645 993 2708 nisi
1017 2667 1095 2709 auro

174 2916 187 2962 1
208 2908 385 2962 recondimus
404 2908 441 2963 R.
467 2906 648 2961 convehimus
667 2907 702 2960 B.
729 2922 779 2960 om.
799 2905 832 2960 L.
841 2906 874 2961 P.
882 2904 913 2959 V.
960 2906 1096 2960 21101011

80 2979 198 3036 L.V.R.
225 2978 338 3033 honoris
359 2980 435 3033 P.B.
464 2978 588 3030 duxerim
608 2978 643 3033 R.
668 2977 784 3030 dixerim
806 2981 852 3030 oet.
907 2976 990 3048 3ne]
1010 2978 1041 3029 ut
1059 2977 1096 3031 R.

79 3050 176 3106 nccV.
215 3049 429 3104 cormac.
467 3047 653 3104 aratam.
673 3046 872 3101 factaL.V.P.
902 3046 977 3116 quod
995 3064 1045 3101 om.
1060 3048 1094 3102 L.

84 3127 117 3176 12
134 3120 308 3175 amatoribus
320 3121 351 3173 V.
358 3121 392 3173 R.
413 3117 555 3174 amoribus
565 3125 611 3173 cet.
641 3117 797 3173 exhibeatis
808 3119 843 3172 B.
883 3124 915 3172 13
930 3118 1095 3173 mortalibus

85 3193 159 3248 V.B.
179 3192 341 3246 mortalium
355 3197 402 3245 cet.
441 3195 474 3244 14
493 3188 634 3261 brevibus]
650 3187 776 3260 angustis
789 3189 820 3244 V.
859 3195 891 3243 15
911 3190 966 3259 sui]
986 3188 1045 3243 eius
1059 3189 1094 3243 R.

84 3270 118 3318 19
137 3264 235 3332 iugulo
256 3263 290 3316 R.
382 3268 417 3316 20
436 3260 497 3331 ipso
517 3261 593 3316 ΒΕ.
626 3262 688 3330 ipsa
706 3267 752 3316 cet.
844 3266 877 3314 21
899 3260 1042 3328 stupentes
1061 3261 1094 3315 L.

83 3341 117 3389 22
138 3333 242 3403 quibus
258 3336 419 3389 cunctarum
436 3332 529 3402 spatia
541 3334 677 3386 terrarum
692 3331 806 3386 minime
821 3331 948 3386 sufficere
963 3328 1095 3396 suadetis,

83 3405 151 3474 quin
162 3405 250 3461 etiam
256 3404 316 3475 poli
327 3406 407 3459 sedes
418 3403 611 3472 concupiscere
622 3402 799 3472 compellitis.
818 3403 897 3457 Licet
907 3402 937 3455 V.
971 3407 1004 3455 23
1015 3402 1096 3455 sedes

84 3494 135 3532 om.
155 3478 190 3531 R.
247 3481 282 3530 24
301 3474 438 3546 exsortes]
458 3475 584 3542 expertes
603 3474 636 3528 V.
695 3479 729 3529 25
749 3473 951 3540 committitish
964 3471 1114 3524 commmu-

86 3549 137 3603 stis
156 3550 192 3602 B.
221 3545 362 3602 comitatis
381 3547 415 3602 P.
491 3551 526 3602 26
545 3546 679 3619 auratusl
694 3545 811 3603 auratis
829 3538 1030 3601 tornasset.
