2414 3826
130 166 193 230 126
544 163 654 219 LIBER
671 163 718 218 lII.

128 328 300 394 admodum
323 333 357 393 et
377 327 574 429 inopinabili
600 326 838 430 magnitudine,
862 348 960 411 qnam
988 306 1140 393 ebdoma-

127 419 242 482 darion
270 422 408 499 vocant,
438 417 558 481 adeo
549 416 701 480 immensi
730 416 874 499 portenti
902 438 987 500 rem,
1020 419 1059 481 ut
1091 417 1141 481 illi

126 494 281 591 perfacile
311 466 499 570 insistentes
529 505 628 569 etiam
658 526 755 588 super
784 504 915 569 dorsum
948 505 1140 591 elephantos

127 616 340 661 cerneremus
385 593 456 658 Hac
478 593 580 678 igitur
599 593 776 678 spectaculi
793 593 950 658 foeditate
917 597 1056 660 tmoti
1078 594 1140 658 iter

100 684 169 748 sad
191 683 378 748 Prasinoam
400 682 605 767 repedemus,
632 704 691 767 per
719 704 799 767 quas
825 681 944 766 ubique
967 683 1140 748 vastitates

126 773 230 836 multa
261 772 404 836 ferarum
434 772 568 837 nomina
597 771 782 856 multasque
812 771 970 836 eiusmodi
1000 771 1139 837 saevitu-

126 861 211 925 dinis
241 862 341 926 facies
374 864 445 925 erat
475 859 598 945 ridere,
631 860 831 942 serpentium
861 881 990 945 qnoque
1020 881 1139 946 genera

125 949 341 1033 permiranda.
376 949 450 1014 illic
468 953 501 1013 et
520 949 599 1013 solis
617 948 775 1032 lunaeque
793 948 937 1013 defectus
956 948 1138 1014 comminus

126 1040 225 1104 etiam
245 1039 403 1124 speculati
427 1060 538 1102 sumus
561 1043 594 1102 et
617 1059 748 1102 cansam
765 1037 881 1102 hiemis
902 1040 937 1102 et
953 1044 1140 1123 temporum

86 1149 112 1189 10
126 1127 327 1193 differentias
360 1126 520 1191 arbitrati
575 1125 646 1202 Quo
678 1126 819 1209 primum
850 1126 988 1210 reversi,
1020 1125 1100 1191 ut
1090 1148 1139 1189 ιιι·

126 1222 236 1301 specta
260 1221 345 1298 sunt,
367 1237 427 1281 vos
451 1236 577 1298 quoquc
599 1214 793 1299 participare
816 1215 1011 1303 curabimus.

217 1303 274 1369 l7.
305 1303 401 1368 Nunc
424 1303 510 1367 enim
532 1303 628 1367 nobis
651 1303 715 1368 iter
737 1325 795 1387 per
817 1299 920 1388 regna
942 1303 1036 1368 Darii
1058 1302 1136 1367 Per-
1152 1312 1194 1364 28.

125 1413 241 1494 sasque
259 1396 335 1457 nost
336 1414 390 1456 ros
414 1392 573 1476 agitatur,
595 1414 694 1476 quarn
717 1413 791 1456 cum
814 1414 943 1457 omnem
961 1413 1140 1478 peragrare

124 1483 291 1565 regionem
315 1479 404 1544 cordi
425 1479 614 1564 habeamus,
636 1480 741 1545 multo
764 1481 885 1566 ubique
909 1503 989 1546 auro
1012 1481 1138 1547 multis·

86 1589 111 1630 ιι
126 1591 188 1653 que
220 1569 399 1634 crateribus
432 1567 634 1650 abundamus
641 1619 650 1652 ,
684 1590 750 1634 non
781 1569 834 1634 his
867 1591 906 1634 ex
938 1570 1007 1635 anri
1040 1570 1138 1635 modo

125 1659 263 1722 materia
285 1657 451 1740 pretiosis,
478 1679 592 1721 verum
619 1658 717 1742 longe
744 1658 887 1742 lapidum
912 1659 983 1723 lnce
1006 1659 1138 1724 maiori·

123 1745 193 1810 bus.
239 1744 353 1830 Neque
374 1749 485 1810 tamen
505 1745 601 1810 nobis
627 1747 692 1811 alia
714 1768 841 1832 quoquc
868 1747 910 1811 ab
933 1747 996 1813 boc
1019 1768 1138 1832 genere

124 1835 310 1900 divitiarum
330 1836 548 1899 instrumenta
566 1839 643 1899 sunt
661 1836 797 1900 minora
829 1833 891 1900 Sed
904 1835 959 1901 hic
972 1836 1138 1918 circuituS,

123 1924 162 1989 de
186 1946 249 2009 quo
272 1924 419 2009 dicimus,
443 1946 463 1988 a
486 1924 590 2008 portis
610 1922 739 2008 Caspiis
762 1925 833 1988 fieri
855 1928 989 2008 coeptus
1011 1924 1136 1990 laboris

83 2033 110 2074 ro
124 2018 180 2079 aut
203 2015 291 2079 vitae
319 2012 523 2078 eiuscemodi.
568 2011 634 2077 Ubi
661 2016 833 2078 coenatum
861 2014 1015 2078 exercitui
1042 2013 1138 2096 foret,

123 2103 235 2167 statim
260 2103 390 2186 signum
413 2101 484 2166 dari
507 2101 642 2166 classico
667 2104 700 2166 et
724 2100 765 2165 ad
783 2123 952 2186 vesperam
974 2101 1051 2167 iniri
1073 2102 1138 2166 iter

123 2191 310 2275 oportebat3
335 2190 433 2275 idque
455 2190 546 2255 horis
570 2189 671 2255 ferme
693 2191 863 2255 nocturnis
886 2189 991 2255 tribus
1015 2190 1137 2276 agitari

123 2280 330 2360 convenerat,
360 2300 417 2342 sex
444 2299 521 2342 vero
549 2277 796 2362 insequentibus
824 2279 916 2343 horis
937 2296 1060 2346 'somno
1086 2280 1136 2344 in·

122 2366 268 2449 dulgerc3
291 2387 466 2449 rursusque
489 2366 573 2429 exim
597 2367 638 2430 ad
659 2368 775 2432 horam
798 2367 863 2432 diei
885 2371 1036 2452 quartam
1059 2369 1136 2432 reli-

82 2473 109 2515 ιι
123 2476 221 2538 quum
254 2453 353 2537 spatii
384 2454 697 2520 transmittebamus.
751 2454 815 2521 Sed
849 2456 936 2520 enim
967 2457 1135 2522 viantibus

122 2564 187 2608 non
215 2541 353 2626 simplex
379 2541 512 2606 habitus
539 2564 643 2627 neque
670 2544 833 2610 incuriosa
859 2545 999 2611 munitio
1025 2546 1136 2611 fuerat

120 2632 311 2697 necessaria.
357 2630 537 2696 Peronibus
566 2632 685 2718 quippe
713 2655 807 2698 crura
834 2634 944 2698 omnia
971 2634 1136 2718 pedesque

103 2721 238 2786 muniri
275 2725 308 2786 et
342 2720 554 2786 femoralibus
593 2721 642 2785 uti
679 2722 808 2806 pellinis
845 2723 1019 2806 oportebat
1058 2722 1134 2788 reli·

121 2832 282 2894 quumque
315 2832 432 2895 corpus
465 2809 588 2874 ambire
621 2809 747 2889 loricis,
783 2810 868 2895 quod
904 2811 982 2876 illae
1019 2832 1134 2876 omnes

212 3045 224 3091 l
245 3037 464 3093 ebdomadarion
484 3038 518 3093 P.
547 3037 729 3092 ebdomsrion
747 3038 782 3092 A.
833 3043 849 3091 2
869 3037 991 3093 inmensi
1007 3038 1134 3108 portenti

119 3127 178 3163 rem
197 3109 229 3163 P.
258 3109 348 3163 mensi
365 3107 553 3179 potentiarem
571 3110 606 3163 A.
653 3109 742 3163 4hac
760 3109 796 3162 A.
824 3110 877 3164 hcc
896 3109 928 3164 P.
979 3109 1133 3179 trepudu

118 3199 179 3234 mus
199 3182 253 3264 Α.Ι
277 3186 297 3264 6·
312 3179 464 3261 acritudini
477 3180 510 3235 P.
549 3186 698 3234 tcansam
714 3179 748 3235 P.
772 3196 871 3235 causas
889 3183 925 3236 A.
970 3185 1001 3233 11
1022 3179 1133 3235 curabi-

118 3270 180 3305 mus
197 3267 308 3377 sintp7i
328 3250 596 3376 ddisirvdrlirmPMlb
615 3336 684 3376 auro
704 3321 740 3374 A.
779 3325 811 3374 18
829 3321 877 3375 hie
895 3321 997 3377 circuit
1013 3322 1052 3376 A
1078 3324 1132 3377 hec

118 3391 251 3447 circuitus
270 3393 302 3447 P.
382 3398 414 3447 19
433 3408 488 3460 qno
507 3409 542 3462 ep
544 3394 589 3446 tus
607 3393 720 3447 laboras
740 3393 790 3446 ant
807 3392 884 3446 vitoe
903 3392 1077 3448 eiuscemodi
1095 3396 1134 3446 A

118 3464 215 3530 ceptus
233 3463 338 3518 laboris
357 3467 406 3518 ant
423 3464 482 3518 rite
501 3463 694 3519 huiuscemodi
707 3462 740 3517 Ρ
777 3468 812 3517 23
831 3462 1043 3533 insequentibus
1057 3464 1132 3520 Mai.

10 3596 19 3619 ,
99 3531 283 3597 insequentis
300 3535 336 3590 A.
346 3535 382 3591 P.
