2414 3826
125 167 169 232 62
555 165 665 220 urana
683 165 704 221 1.

126 332 265 396 clamare
285 329 406 393 iussere
427 333 523 412 atque
538 327 723 391 Alexandro
742 327 856 410 dicere,
875 327 922 389 uti
941 329 998 389 aut
1014 326 1141 390 veniret

126 419 167 482 ad
194 418 353 502 proelium
379 421 436 481 aut
460 416 498 480 do
519 415 688 481 moenibus
713 420 745 478 et
769 415 936 479 obsidione
955 414 1140 479 discederet.

126 506 188 572 Sed
219 506 259 570 ad
288 506 367 570 haec
394 504 503 569 ridens
532 503 729 588 Alexander,
760 502 804 569 ‘0
833 525 891 567 vos
918 502 1139 587 fortissimos,'

126 596 186 678 ait,
215 594 287 677 ‘qui
318 615 389 658 oum
419 595 482 677 ipsi
512 593 692 658 custodiam
722 591 823 656 vestri
853 613 1019 656 murorum
1050 593 1140 657 vallo

93 702 105 742 a
127 684 280 765 teneatis,
307 683 402 747 nobis
425 686 597 765 praecepta
625 680 769 745 bellandi
793 678 986 763 praebetisl'
1032 678 1141 766 Igitur

128 771 305 857 gerendum
329 771 380 835 his
403 772 450 835 ait
472 791 595 835 morem
619 768 915 854 proeliaturumque
936 789 969 832 se
988 768 1140 849 minatur,

126 881 193 925 non
217 881 254 923 ea
278 863 388 924 tamen
412 859 572 943 opinione,
596 880 660 942 qua
679 879 750 922 cum
770 857 912 922 fortibus
929 857 1139 941 disceptare·

128 950 212 1014 onim
226 970 286 1033 pro
289 949 377 1012 tinus
395 947 485 1012 iubet
504 947 592 1011 mille
603 946 737 1031 quidem
752 946 841 1029 equit
842 967 876 1010 es
827 946 1139 1011 tcircumvallare
1159 959 1203 1010 65.

127 1059 192 1123 eos,
216 1037 328 1120 quiin
351 1058 443 1100 muro
468 1036 697 1119 constiterant,
719 1034 845 1119 pedites
869 1055 945 1100 vero
972 1035 1139 1099 securibus

87 1145 112 1184 ro
126 1088 336 1210 vectibusque
361 1124 493 1210 adgredi
517 1125 620 1189 claust
606 1128 658 1188 tra
677 1127 846 1209 portarum
870 1144 908 1188 ao
925 1122 1139 1188 fundamenta

126 1215 281 1278 subruere
305 1235 480 1277 murorum.
524 1213 600 1278 Non
628 1211 714 1276 enim
738 1211 869 1276 difficile
882 1228 968 1276 esse
995 1211 1029 1275 id
1053 1211 1138 1275 aedi-

125 1303 233 1366 ficium
253 1301 353 1364 armis
374 1301 527 1384 excidere,
551 1299 636 1384 quod
660 1321 719 1385 per
737 1300 827 1384 lyrae
847 1284 961 1365 cantus
985 1303 1018 1363 et
1035 1301 1139 1365 musi-

126 1412 196 1454 cam
219 1389 431 1453 tumultuario
458 1389 674 1472 convenisset3
699 1390 732 1452 et
755 1389 869 1453 statim
890 1388 967 1453 inici
990 1388 1139 1454 flammas

126 1478 306 1560 arietesque
326 1476 476 1541 admoliri
495 1476 594 1560 iubet,
614 1498 752 1560 quorum
771 1478 885 1542 crebro
905 1480 938 1541 et
955 1476 1139 1545 vehementi

85 1584 111 1625 15
126 1564 298 1629 admodum
326 1567 421 1648 pulsu
449 1586 516 1630 non
543 1565 675 1646 difficile
701 1586 761 1630 nec
789 1566 843 1630 diu
873 1587 965 1630 casus
994 1560 1140 1630 omnium

125 1657 175 1718 est
202 1657 357 1718 moratus.
403 1653 478 1737 lpse
502 1676 577 1718 vero
607 1675 680 1718 cum
705 1654 823 1736 [mille]
847 1654 1139 1725 funditoribuaro-

125 1741 227 1806 tidem
251 1741 340 1806 obire
365 1741 549 1826 discursim,
576 1742 655 1807 adeo
684 1749 721 1807 ut
745 1743 833 1807 omni
856 1744 996 1807 telorum
1019 1753 1139 1828 genere

124 1831 284 1916 fatigatos
308 1834 365 1895 aut
387 1834 631 1915 prosternerent
649 1830 823 1896 Thebanos
847 1836 904 1896 aut
921 1833 1140 1896 vulnerarent.

126 1919 235 2004 Atque
257 1920 305 1984 ita
328 1920 425 1984 tertio
448 1920 515 1984 fere
539 1920 590 1983 die
615 1920 777 2003 conlapsis
801 1920 959 2002 omnibus,
979 1942 1061 2005 quae
1086 1921 1140 1985 ob-

86 2026 112 2066 20
127 2009 272 2091 stabant,
243 2007 459 2073 tinvehitur
481 2007 665 2074 Alexander
690 2007 818 2073 Thebas
842 2026 976 2091 eamque
1000 2008 1140 2094 diripere

126 2096 374 2180 exscindereque
404 2097 539 2162 festinat
567 2099 620 2162 tot
647 2096 770 2162 scilicet
799 2097 935 2162 saeculis
964 2102 997 2162 et
1025 2095 1140 2162 Cadmi

126 2185 402 2269 ceterorumque
393 2185 538 2270 imperiis
561 2185 716 2251 nobilem.
973 2199 1001 2248 1¹-

215 2271 274 2339 52.
307 2273 359 2337 Ad
374 2297 471 2358 quam
485 2274 554 2338 fort
539 2277 653 2339 tunam
667 2274 782 2339 ceteris
796 2259 1048 2358 praestupescen
1048 2274 1137 2338 tibus
1159 2289 1204 2340 66.

103 2381 204 2444 prae
227 2361 260 2424 vi
282 2364 442 2428 malorum
464 2362 560 2426 unit
545 2362 718 2426 tibicinum
740 2361 826 2427 forte
855 2362 1024 2427 consilium
1047 2362 1138 2426 subit

85 2453 237 2532 ereptare
252 2451 398 2515 tibiast
366 2473 382 2515 e
384 2451 524 2534 tmelos,
542 2472 640 2534 quam
654 2454 767 2533 posset
780 2450 904 2534 fabrile,
923 2471 1035 2515 canere
1049 2451 1137 2534 regis

125 2536 262 2621 pedibus
294 2539 513 2623 provolutum.
566 2537 659 2614 Quod
691 2561 763 2603 cum
797 2539 981 2605 Alexander
1013 2538 1138 2604 videret

125 2630 219 2690 acuto
251 2631 284 2691 et
314 2627 467 2712 religioso
498 2627 632 2693 consilio
661 2627 775 2693 efficax
803 2630 941 2693 multum
971 2632 1068 2711 atque
1096 2628 1137 2691 ad

124 2715 316 2780 movendam
355 2716 405 2780 sui
443 2715 700 2781 misericordiam
732 2738 802 2781 esse
840 2718 1020 2801 provisum,
1058 2720 1137 2780 tunc

126 2803 279 2869 auloedus
303 2805 359 2868 ille
382 2806 531 2870 manibus
556 2805 708 2869 extensis:

213 3036 228 3084 2
249 3027 410 3085 subsidione
424 3037 450 3086 1⁸.
458 3030 493 3085 A.
513 3029 659 3085 obsidione
675 3031 708 3087 P.
746 3037 762 3085 3
781 3029 948 3086 fortissimos
963 3031 1037 3085 A.P.
1062 3031 1095 3085 ia
1108 3030 1137 3084 A

122 3117 256 3170 superacr.
276 3102 322 3183 vel
340 3100 519 3182 stultissimos
538 3100 663 3155 dixerim.
722 3108 739 3155 4
758 3101 799 3184 ait
815 3103 848 3155 P.
873 3104 903 3155 at
918 3103 953 3157 A.
1010 3108 1025 3183 ‚⁷
1045 3101 1134 3181 disce-

123 3174 224 3297 lul·
236 3172 334 3297 Anti
352 3171 655 3298 {dilibutas
674 3171 795 3298 tlt?
807 3173 900 3315 Ab
920 3171 1137 3368 ..taetus

122 3313 223 3370 Eberb
262 3320 294 3368 16
310 3312 387 3367 mille
402 3315 452 3369 del.
462 3314 562 3369 Ebcrb.
600 3321 632 3368 21
649 3313 905 3382 exscindereqqu.
926 3316 955 3368 et
969 3314 1095 3369 scindere

211 3385 259 3440 52.
289 3391 323 3439 25
342 3384 484 3440 febrileA.
503 3383 596 3439 fleb1le
608 3386 683 3440 Mur
719 3392 754 3441 26
772 3386 984 3456 provolutusA.
1022 3389 1056 3438 28
1072 3392 1137 3454 post

109 3470 268 3578 eprovppupr)
291 3456 391 3511 Eberlr.
418 3457 515 3511 inserit
539 3455 675 3526 permisit.
752 3463 786 3510 22
806 3457 939 3511 auloedus
964 3457 1035 3512 Mai.
1070 3455 1135 3510 aulo

122 3539 173 3572 1115
