2414 3826
431 746 565 814 LIBER
588 746 778 815 TERTIUS
796 822 800 827 ,

531 902 594 969 ou
610 903 678 960 usn

341 1047 532 1124 OBITUS
558 1048 866 1125 ALEXANDRI.

188 1239 221 1307 1.
243 1241 407 1306 Emensus
428 1239 530 1323 igitur
547 1241 691 1306 desertas
710 1238 823 1306 Indiae
841 1240 992 1325 regiones
1014 1264 1110 1328 squa-
1129 1252 1151 1309 Ι.

95 1351 233 1414 rumque
255 1328 545 1414 indigentissimas,
568 1329 932 1414 bestiolarum'quoque
955 1332 1110 1397 examini-
1129 1331 1156 1379 1.

95 1421 158 1485 bus
177 1418 324 1502 infestas,
345 1440 426 1502 quas
444 1418 623 1502 phalangia
641 1421 769 1501 vocant,
786 1420 892 1484 multo
910 1419 1022 1485 labore
1039 1421 1137 1505 ipses

97 1513 195 1593 atque
227 1507 386 1573 exercitus
415 1507 612 1591 fatigantur3
642 1506 677 1570 in
708 1506 884 1592 eademque
915 1507 982 1573 iam
1015 1509 1111 1575 duces

96 1597 166 1662 eius
196 1617 231 1661 se
261 1597 434 1679 conloquia
461 1595 685 1679 conferebant,
716 1595 802 1678 quod
830 1597 895 1663 sibi
928 1598 1010 1662 satis
1042 1620 1112 1664 esse

96 1685 229 1750 deberet
247 1685 416 1769 usquead
437 1684 554 1750 Persas
576 1683 710 1768 proeliis
729 1685 906 1752 laborasse.
946 1685 1009 1750 His
1033 1709 1111 1770 quo·

97 1795 162 1857 que
183 1773 322 1838 subditis
346 1777 379 1837 et
396 1772 498 1838 Dario
523 1772 720 1855 consultum,
742 1776 900 1856 quantum
919 1777 1109 1857 oportuerit,
1124 1799 1151 1840 ro

96 1861 262 1946 Graeciae,
288 1862 317 1926 si
339 1862 436 1928 modo
459 1861 634 1947 vectigales
657 1860 774 1926 Persas
798 1861 924 1944 patriae
947 1861 1111 1928 fecissent.

97 1950 169 2026 Quo
188 1971 265 2017 vero
288 1950 343 2015 ille
361 1950 512 2016 tenderet
529 1950 625 2016 labor
646 1949 680 2012 in
704 1946 833 2013 Indiam
851 1949 1112 2034 properantibus,

97 2039 178 2104 adeo
202 2038 331 2105 infestis
355 2039 506 2105 omnibus
530 2039 611 2104 loeis
630 2036 760 2101 feritate
778 2036 980 2102 bestiarum?
1018 2036 1111 2114 Quod

97 2129 127 2192 si
141 2127 177 2193 in
190 2131 319 2193 tentum
335 2128 485 2212 cupidine
500 2128 549 2193 rei
562 2127 697 2192 bellicae
711 2124 897 2191 Alexander
909 2130 1112 2212 urgueretur,

95 2237 164 2282 non
190 2238 268 2282 sane
295 2217 398 2282 videri
424 2217 623 2299 consultum,
654 2215 859 2282 inconsultae
886 2215 943 2280 isti
969 2216 1111 2300 cupidini
1126 2238 1152 2280 15

97 2305 126 2369 si
142 2326 250 2370 comes
268 2305 360 2371 fieret
378 2306 502 2390 reliqua
517 2303 700 2371 multitudo.
734 2303 802 2370 Iret
819 2325 908 2390 ergo,
926 2327 989 2390 quo
1003 2306 1112 2391 redet,

98 2394 301 2480 duceretque,
321 2395 376 2480 qui
389 2395 526 2479 vellent,
545 2415 580 2459 se
596 2397 707 2460 tamen
725 2395 844 2460 missos
858 2394 965 2460 faeere
980 2394 1111 2461 deberet

95 2487 150 2548 tot
176 2483 242 2548 iam
269 2483 366 2548 bellis
395 2484 551 2549 exercitos
578 2505 617 2549 ac
645 2482 809 2568 fatigatos.
854 2482 1030 2549 Enimvero
1059 2484 1110 2548 his
1129 2495 1156 2547 2.

95 2571 284 2637 Alexander
316 2572 457 2656 coguitis
496 2573 717 2656 advocatoque
755 2571 844 2637 omni
881 2575 950 2636 tam
981 2572 1110 2636 Persico

97 2659 222 2726 scilicet
260 2682 357 2745 quam
395 2659 604 2726 Macedonico
642 2659 784 2725 exercitu
827 2659 862 2724 in
895 2659 975 2724 haec
1012 2659 1111 2725 verba
1125 2681 1152 2722 so

95 2749 318 2814 contionatur:
361 2747 471 2815 ‘Unus
504 2749 584 2814 mihi
615 2747 767 2833 idemque
799 2750 849 2813 est
882 2768 988 2813 sermo
1025 2748 1111 2832 apud

186 2907 215 2962 1.
248 2910 265 2959 4
292 2905 376 2962 Oodd.
399 2905 518 2963 A.P.B.
545 2905 687 2976 incipiunt
713 2904 748 2961 ab
778 2903 1010 2974 ‘aquarumque'.
1047 2903 1110 2960 Iai-

93 2977 165 3032 tium
187 2976 254 3032 libri
276 2983 412 3034 sucatum
434 2983 473 3033 est
490 2979 522 3034 iu
545 2984 572 3033 Τ.
642 2972 910 3046 tindigestissimas
929 2974 966 3030 A.
1035 2975 1111 3030 6fa·

95 3046 195 3117 langiu
213 3047 329 3105 A.P.B.
358 3049 499 3119 sfalengia
516 3055 544 3103 τ.
606 3055 672 3104 sse
690 3053 718 3102 τ.
745 3062 795 3103 om.
814 3051 861 3102 at.
926 3046 1063 3101 edebere
1082 3052 1110 3102 Τ.

96 3127 112 3174 9
131 3118 231 3173 Persas
245 3125 272 3175 Τ.
296 3120 444 3175 Persarum
459 3124 507 3178 cet.
544 3119 659 3203 procliis
672 3117 742 3174 RB.
766 3117 873 3188 prediis
886 3117 922 3172 A.
947 3116 1056 3186 proelia
1075 3119 1110 3172 P.

96 3196 130 3246 12
154 3188 184 3244 in
206 3191 315 3246 Indiam
338 3191 458 3247 ARP.
493 3191 524 3247 in
545 3190 678 3247 insidiam
700 3196 728 3244 τ.
807 3193 840 3244 13
862 3187 1011 3244 intestibus
1034 3188 1109 3242 B.P.

96 3267 131 3317 14
149 3263 230 3317 tanto
247 3261 282 3318 P.
311 3262 443 3332 cupidine
469 3262 567 3319 Sctlee.
594 3261 691 3318 ordine
715 3261 791 3318 codd.
819 3276 850 3314 re
872 3258 977 3315 bellica
996 3260 1028 3314 P.
1050 3257 1110 3314 bel·

94 3332 153 3389 lica
170 3333 207 3388 B.
273 3338 306 3389 1⁶
325 3335 483 3389 consultum
500 3335 608 3405 scripu
637 3332 784 3389 consilium
801 3331 878 3388 codd.
904 3332 985 3386 uerbo
1005 3330 1110 3386 ‘incon-

94 3405 198 3460 uultae'
218 3405 358 3471 finiuntur
374 3405 487 3461 sctedru
508 3404 702 3462 Tourimuses.
750 3409 789 3460 lb
805 3420 866 3472 opio
887 3403 973 3480 AB,
991 3397 1137 3465 ussaw·

97 3481 130 3529 17
150 3475 218 3529 seP.
238 3476 317 3531 sitB.
357 3483 392 3533 20
407 3477 518 3537 scilicet
531 3496 585 3537 om.
597 3479 634 3537 P.
668 3483 710 3535 ‘sl
720 3471 902 3535 unsarana
912 3471 1046 3533 bemopa
1059 3458 1162 3513 adm·
