2414 3826
425 178 542 233 sonus
561 176 784 234 munuum.
1058 180 1101 246 83

178 339 236 407 22.
264 339 311 405 At
329 360 405 405 vero
430 340 498 404 eius
519 339 620 406 frater
639 340 834 426 Oxyathrus,
857 344 946 409 velut
966 344 1102 431 indigue
1118 353 1164 407 29.

86 451 185 517 mage
204 451 302 515 quam
322 428 351 493 si
369 450 446 493 vera
465 429 658 513 dicerentur,
676 427 781 514 ‘Heu,'
805 431 921 517 inquit,
944 430 975 496 ‘o
994 438 1103 518 frater,

87 543 107 586 o
133 541 198 603 rex,
222 518 299 602 quid
321 517 384 582 hoo
402 517 534 582 tandem
557 518 605 582 rei
628 521 688 601 eet,
711 518 797 602 quod
815 522 944 585 tantum
963 519 1101 587 Alexan-

86 609 145 673 dro
168 607 226 673 isti
248 606 398 671 laudator
425 606 518 670 testis
543 606 690 671 accedis?
735 607 850 692 Anne,'
873 609 989 694 inquit,
1012 608 1103 676 ‘haec
1178 655 1183 666 ·

85 697 147 761 tibi
170 696 237 761 iam
256 695 413 760 meditata
433 694 595 759 sententia
617 697 678 779 est,
699 699 737 760 ut
759 697 809 761 illi
831 718 933 782 regno
956 700 1013 762 tuo
1034 720 1127 768 ces-s
1156 768 1164 786 ‚

87 785 177 870 seris,
200 783 424 849 Macedoniam
447 783 516 847 eius
539 782 669 848 tibimet
690 805 757 848 non
779 785 975 850 vindicaris?
1017 787 1102 864 Quin

85 874 195 958 potius
214 873 343 937 imitere
361 872 556 936 industriam
571 871 676 937 hostis
695 873 759 938 tui:
778 874 863 957 quod
881 875 937 938 ille
955 874 1101 942 fauturus

87 962 129 1027 ad
151 983 212 1027 nos
236 962 344 1045 pergit
367 981 404 1025 ac
427 964 591 1045 properat,
613 959 647 1025 id
670 982 731 1026 nos
754 962 876 1026 bellum
899 962 1029 1028 Graecis
1053 964 1102 1028 iu·

85 1050 238 1116 feramus.
284 1048 399 1134 Neque
427 1068 488 1133 ego
515 1048 578 1114 hoc
604 1049 640 1113 in
666 1051 738 1114 loco
766 1053 803 1115 ut
830 1050 981 1134 ignaviae
1007 1052 1101 1117 testis

85 1138 309 1204 Alexandrum
325 1137 557 1221 deformavere,
576 1139 632 1222 qui
645 1138 771 1222 hortor,
788 1139 837 1203 uti
856 1139 1012 1222 exemplis
1031 1139 1100 1206 eius
1115 1168 1141 1210 ro

85 1231 178 1292 utare
203 1230 240 1292 tu
263 1247 405 1311 quoque,
433 1247 508 1290 eum
535 1225 629 1291 illum
653 1226 763 1292 videas
792 1248 851 1292 neo
878 1226 1014 1292 ducibus
1042 1250 1101 1294 nec

86 1314 351 1401 praecursoribus
370 1314 596 1399 confidentem,
621 1315 678 1379 sed
701 1315 833 1380 sibimet
850 1315 971 1382 laboris
995 1317 1100 1382 omnis

86 1404 196 1470 officia
214 1403 432 1469 vindicantem
450 1403 531 1468 haec
551 1423 656 1488 agere,
674 1424 756 1487 quae
775 1408 869 1470 tanta
888 1409 975 1471 sunt.
1012 1404 1101 1482 Quae

84 1497 123 1558 tu
147 1513 288 1577 quoque,
311 1492 449 1557 sirecte
473 1492 598 1576 sapias,
625 1513 684 1577 per
706 1496 739 1558 te
762 1493 886 1558 feceris.
926 1492 1041 1579 Viden,
1063 1497 1101 1559 ut

85 1583 209 1667 primus
228 1582 338 1646 inruat
359 1581 394 1646 in
412 1581 552 1662 hostem,
573 1582 663 1665 prior
680 1582 809 1647 intonet
825 1582 988 1667 bellicum,
1010 1583 1100 1667 prior
1114 1610 1140 1653 15

84 1670 266 1756 perieulum
290 1669 418 1753 subeat,
447 1669 603 1753 depositis
632 1670 760 1754 quidem
784 1671 967 1756 insignibus
991 1672 1100 1756 regiis,

86 1760 163 1824 dum
191 1762 242 1824 est
263 1759 371 1842 miles,
400 1759 598 1841 reeuperatis
623 1780 712 1842 vero,
740 1779 812 1823 cum
835 1759 940 1824 victor
963 1763 1027 1844 est,
1053 1760 1100 1824 ni·

84 1848 190 1912 hilum
219 1847 364 1914 omnium
388 1846 633 1933 cunctabundus
660 1849 717 1911 aut
745 1846 908 1931 differens,
937 1848 1099 1913 enimvero

84 1936 199 2002 labore
222 1936 386 2020 praesenti
411 1956 538 2018 semper
561 1935 698 2000 consilia
721 1934 931 2000 subsecutus?
1112 1959 1138 2000 19

198 2023 258 2090 23.
295 2023 346 2088 Ad
368 2023 448 2089 haee
466 2022 585 2088 Darius
609 2021 670 2087 ‘Ec
687 2021 839 2106 ubinam,'
863 2022 977 2107 inquit,
1001 2021 1098 2089 ‘haee
1116 2036 1161 2092 30.

84 2113 149 2179 tibi
178 2114 217 2178 de
247 2112 432 2177 Alexandro
464 2115 514 2176 est
543 2112 775 2194 comprehensa
803 2109 961 2176 notitia?'
1017 2111 1101 2176 Tum

85 2201 277 2286 Oxyathrus
310 2202 378 2266 eius
408 2200 565 2284 temporis
597 2200 787 2264 memoriam
817 2199 932 2284 refert,
965 2223 1028 2285 quo
1059 2200 1100 2266 ad

84 2290 274 2375 Philippum
307 2291 425 2356 missus
466 2290 604 2373 petitum
637 2289 791 2372 pecunias
833 2290 874 2355 ab
914 2288 1099 2356 Alexandro

85 2379 327 2445 adolescentulo
356 2379 454 2443 etiam
481 2381 560 2443 tune
586 2379 692 2443 minas
724 2379 882 2445 eiusmodi
912 2380 1100 2464 excepisset,

85 2489 167 2552 quas
198 2469 237 2532 de
265 2467 492 2552 praesentibus
523 2467 730 2551 experiretur.
780 2468 887 2546 Quare
916 2469 994 2534 boni
1024 2489 1097 2534 con·
1113 2488 1139 2532 ee

86 2557 208 2622 suleret
243 2579 300 2622 rex
337 2556 457 2622 Darius
498 2560 531 2622 et
572 2559 719 2640 satrapas
761 2557 905 2622 omnium
943 2559 1099 2643 gentium,

86 2666 211 2730 quaeve
232 2645 375 2710 indidem
399 2645 472 2731 cogi
493 2649 629 2729 possent
651 2645 850 2710 exercituum
878 2645 982 2728 milia,
1009 2638 1098 2710 labo'·

84 2737 187 2811 reret,
214 2756 282 2800 non
305 2733 437 2798 Parthis
463 2733 587 2798 scilicet
608 2732 788 2816 Elamisve,
814 2755 881 2799 non
904 2732 1098 2816 Babyloniis

85 2826 144 2887 aut
165 2822 420 2907 Mesopotamiae
443 2823 519 2887 data
540 2821 678 2886 militiae
707 2823 908 2906 evocatione,
935 2822 1097 2887 enimvero

157 3049 204 3106 22.
238 3048 442 3120 leyethirus
461 3049 497 3103 A.
531 3045 664 3102 oxiatrius
684 3046 720 3102 P.
792 3047 958 3104 llaudator
978 3047 1012 3101 P.
1044 3049 1099 3103 sal·

84 3122 167 3176 vator
184 3122 221 3176 A.
264 3123 422 3176 llanturos
440 3121 476 3174 A.
520 3117 669 3174 SGraeois
687 3118 723 3173 A.
751 3117 846 3189 gregis
865 3118 898 3173 P.
941 3123 974 3173 10
993 3118 1042 3186 qui
1061 3118 1097 3174 P.

85 3207 158 3262 quae
172 3193 208 3247 A.
253 3197 285 3246 11
306 3209 370 3246 eum
386 3191 420 3246 P.
444 3195 505 3246 tum
519 3191 554 3245 A.
598 3194 631 3243 14
648 3190 726 3244 reete
742 3190 776 3245 P.
799 3191 878 3245 reeta
892 3189 927 3245 A.
963 3187 1047 3244 viden
1061 3189 1098 3245 A

83 3263 151 3319 vide
164 3264 277 3319 nuneP.
313 3267 345 3317 15
359 3263 470 3318 hostem
480 3262 515 3317 P.
530 3277 591 3317 cum
601 3261 721 3316 θναεοὶι.
741 3260 892 3331 proeliaA.
926 3265 959 3315 17
974 3259 1055 3315 miles
1063 3261 1096 3316 P.
1144 3324 1146 3328 ¹
1181 3258 1185 3265 '

83 3332 166 3389 milia
184 3336 220 3389 A.
256 3332 484 3403 recuperatisque
503 3333 534 3389 P.
563 3349 613 3387 om.
632 3348 708 3388 vero.

174 3404 223 3462 22.
256 3411 290 3460 22
310 3403 454 3461 oxiathrus
474 3403 506 3459 P.
543 3419 598 3472 quo
620 3403 654 3458 P.
677 3402 752 3472 quod
770 3404 805 3458 A.
865 3408 899 3458 27
918 3416 1007 3471 queve
1025 3401 1097 3456 indi·

84 3475 149 3532 dem
169 3477 203 3532 P.
229 3493 283 3547 que
302 3475 387 3530 velud
404 3476 481 3530 idem
499 3476 535 3529 A.
560 3474 704 3530 laboraret
722 3473 811 3531 codd.
833 3474 995 3529 edisseret.
1003 3473 1120 3525 uuas.

84 3551 119 3602 28
137 3547 263 3602 elimieve
281 3548 315 3603 P.
391 3552 426 3603 29
446 3547 616 3607 evocatione
637 3548 674 3606 P.

941 3632 984 3686 Q*
