2414 3826
407 183 537 239 carros
556 182 780 238 1111111111.
1032 182 1097 248 163

84 350 170 433 quit,
199 347 234 412 ‘o
258 347 308 412 vir
332 369 471 430 summe,
499 347 655 431 quidquid
683 369 722 411 ex
749 347 881 411 homine
908 347 1016 411 foetus
1043 346 1097 410 hic

83 437 200 519 habet,
232 437 271 500 ad
302 440 334 499 te
365 436 520 519 pertinet,
551 435 637 519 quod
666 456 743 500 vero
776 439 826 500 est
856 435 968 500 subter
999 439 1097 518 atque

84 526 218 609 beluile,
247 524 442 608 quicumque
469 524 531 588 tibi
555 524 677 588 subditi
706 528 782 589 sunt
810 528 843 588 et
870 523 1015 589 subiecti.
1062 521 1097 588 Si

82 615 186 699 igitur
204 634 242 676 ea
264 635 349 696 pars,
375 634 457 697 quae
477 633 615 695 superna
634 616 693 694 est,
713 613 837 678 viveret
856 615 889 676 et
907 616 1097 693 motaretur,

83 703 180 768 sicuti
198 702 288 784 haec,
313 722 394 785 quae
413 700 501 764 infra
520 705 604 784 sunt,
626 701 761 785 faciunt,
780 705 816 765 tu
836 723 913 766 sane
933 701 1124 766 obtineress

82 814 121 857 ac
144 791 347 854 dominarere
372 794 569 854 cunctorum.
606 788 841 874 sedquoniam
865 812 956 854 secus
981 793 1040 868 est,
1062 789 1097 853 in

83 880 281 946 contrarium
308 878 571 962 intelligendum,
602 878 667 942 nisi
697 879 782 961 quod
815 879 849 942 hi
878 899 1005 963 quoque
1033 877 1097 962 ipsi

83 967 286 1033 dissidebant
304 989 407 1051 neque
431 970 626 1050 congruent3
650 966 738 1030 vides
763 967 849 1030 enim
868 968 1013 1049 dispares
1032 966 1096 1029 for-

82 1079 153 1121 mas
185 1078 289 1140 neque
317 1056 404 1119 inter
436 1077 470 1119 se
499 1055 619 1120 amicas
653 1077 689 1119 ac
717 1077 849 1138 prorsus
879 1055 997 1120 beluile
1028 1076 1096 1119 sae·

83 1147 217 1210 vientes,
255 1145 363 1228 Atque
382 1144 417 1208 hi
436 1144 565 1227 quidem
584 1144 670 1208 inter
689 1166 723 1208 se
742 1165 853 1209 omnes
872 1147 905 1208 te
924 1145 1096 1227 oppetente
1110 1163 1136 1207 1⁰

83 1234 279 1298 dissentient
308 1230 594 1316 dimicabuntque.'
644 1230 706 1296 His
735 1232 829 1297 dictis
857 1233 1016 1316 interpres
1044 1254 1097 1297 ex·

81 1323 166 1387 ierat
185 1343 355 1386 aversurus
376 1321 507 1404 scilicet,
531 1322 558 1385 si
579 1343 642 1404 qua
660 1325 779 1405 posset,
802 1327 835 1386 et
859 1325 1029 1386 exusturus
1048 1343 1097 1385 re·

81 1411 231 1496 ligiosius
254 1410 396 1493 portenti
420 1410 509 1474 illius
532 1411 649 1474 minas.
686 1411 870 1474 Alexander
887 1432 963 1475 vero
988 1410 1097 1474 animo

82 1503 310 1564 consternatus
339 1520 411 1562 cum
436 1499 559 1583 gemitu
588 1499 633 1563 sic
661 1500 721 1562 ait:
750 1498 830 1565 ‘Pro
855 1499 940 1563 bone
963 1498 1096 1584 Iupiter,

81 1610 180 1671 quam
212 1588 298 1651 bona
329 1608 381 1651 res
417 1591 467 1651 est
498 1587 662 1671 ignoratio
696 1586 976 1652 metuendoruml'
1033 1586 1095 1652 Sed
1110 1606 1136 1649 rs

81 1677 239 1741 hactenus
270 1676 328 1739 illa
359 1676 459 1739 animi
489 1677 665 1740 commotio
694 1675 765 1741 fuit.
816 1675 990 1760 Ceteroqui
1020 1676 1096 1741 viri-

69 1765 158 1829 liter
191 1768 224 1828 et
253 1764 367 1829 decore
398 1786 527 1829 omnem
557 1766 762 1846 exspectatae
791 1765 906 1829 mortis
938 1766 1096 1848 impetum

82 1853 327 1937 opperiebatur,
357 1853 475 1936 quippe
508 1855 563 1934 qui
594 1855 723 1934 praeter
758 1856 866 1917 cetera
898 1875 936 1917 eo
969 1874 1096 1936 quoque

83 1948 119 2006 se
138 1943 306 2023 solaretur,
327 1941 411 2024 quod
431 1941 547 2005 divinis
565 1940 744 2004 honoribus
763 1940 850 2005 haud
867 1941 981 2023 procul
1000 1942 1092 2005 foret.
1107 1962 1132 2002 11

174 2029 232 2095 56.
264 2029 354 2113 Ergo
389 2029 514 2093 occasio
546 2029 596 2092 illi
629 2027 787 2092 moriendi
819 2028 895 2092 talis
926 2029 997 2093 fuit.
1043 2034 1143 2090 XXXL

81 2117 188 2182 Mater
217 2118 284 2183 eius
310 2118 350 2182 ad
374 2140 448 2181 eum
472 2118 646 2200 scripserat
674 2138 771 2198 super
794 2117 960 2201 Antipatri
983 2120 1017 2182 11
1039 2116 1094 2181 Di·
1113 2120 1158 2170 89.

80 2207 261 2291 vinopatris
293 2206 516 2271 simultatibus
546 2205 757 2289 petebatque,
788 2209 825 2269 ut
854 2206 895 2270 ob
926 2205 959 2269 id
987 2207 1096 2289 ipsum

83 2296 124 2360 ad
143 2295 282 2378 Epirum
305 2296 352 2359 ire
377 2295 592 2360 contenderet.
630 2293 693 2359 Sed
715 2295 801 2358 enim
821 2294 1004 2359 Alexander
1023 2317 1095 2360 cum

82 2384 116 2448 id
144 2386 288 2449 virorum
317 2385 458 2468 iurgium
489 2385 524 2448 ia
551 2404 642 2449 suum
669 2383 822 2448 1111111111
850 2383 962 2448 deduci
988 2385 1095 2468 vellet,

82 2473 200 2536 statuit
223 2473 434 2556 Antipatrum
458 2473 497 2536 ad
521 2494 591 2537 sese
615 2473 724 2537 venire
748 2495 786 2537 ex
810 2471 1002 2538 Macedonia
1030 2473 1094 2538 alio
1110 2495 1136 2545 aa

80 2561 117 2624 in
140 2561 247 2626 locum
273 2562 341 2626 eius
361 2561 549 2627 substituto
586 2561 679 2637 Quod
697 2562 755 2626 ubi
774 2562 897 2626 factum
921 2566 979 2645 est,
1002 2583 1094 2626 vene-

80 2672 160 2714 num
190 2650 367 2735 Antipater
397 2651 543 2714 elaborat
570 2652 736 2715 curiosum
767 2649 939 2714 admodum
969 2649 1096 2714 efficax·

81 2760 146 2822 que
170 2739 265 2821 idque
288 2761 346 2822 per
368 2740 552 2803 ministrum
576 2739 646 2823 regi
670 2738 741 2803 dari
763 2738 797 2802 in
820 2737 968 2802 convivio
988 2738 1096 2822 exegit

171 2989 187 3037 2
207 2984 302 3037 subter
322 2984 395 3037 Mai.
434 2983 620 3051 superatque
640 2981 751 3035 beluino
772 2982 804 3035 P.
843 2987 926 3050 super
944 2982 1029 3050 atque
1047 2999 1095 3037 ve-

81 3053 151 3108 luile
172 3055 208 3110 A.
245 3055 436 3109 4motaretur
454 3055 486 3108 P.
511 3054 670 3107 moveretur
684 3052 719 3107 A.
757 3055 826 3106 1111
844 3069 894 3108 om.
914 3053 947 3107 P.
986 3059 1017 3106 11
1038 3052 1094 3106 dis-

82 3123 221 3180 sentirent
239 3125 271 3181 P.
304 3127 411 3182 exierat
428 3125 462 3180 P.
489 3125 561 3178 ierat
580 3125 616 3177 A.
672 3130 704 3178 12
724 3124 822 3178 etom.
842 3125 875 3181 P.
937 3127 1094 3180 16111111-

80 3197 130 3263 qui
150 3197 223 3250 Mai.
251 3197 399 3263 ceteraque
419 3199 453 3248 A.
461 3196 494 3249 P.
533 3200 565 3247 17
585 3195 714 3250 decorem
734 3211 846 3249 omnem
866 3198 1046 3264 exspectante
1060 3197 1093 3250 P.

81 3271 116 3320 18
136 3267 246 3336 Quippe
266 3284 337 3334 quae
356 3270 468 3334 praeter
481 3267 517 3320 A.
543 3265 648 3335 quippe
668 3265 717 3335 qui
734 3281 786 3334 per
803 3268 915 3335 praeter
925 3268 958 3320 P.
997 3272 1029 3320 19
1050 3284 1094 3320 so-

79 3338 186 3392 laretur
205 3338 277 3391 Mol.
308 3338 414 3392 solatur
433 3337 467 3393 A.
474 3337 507 3390 P.

171 3410 220 3465 56.
239 3416 274 3464 20
288 3408 331 3462 1111
345 3426 395 3464 om.
406 3409 441 3462 A.
478 3414 512 3462 21
528 3408 682 3462 denomino
698 3406 912 3476 ‘Divinopatris'
929 3408 963 3473 cf.
978 3408 1094 3462 Zocbcri

83 3479 339 3535 Pseudo-Calliste.
354 3498 384 3550 p.
400 3485 433 3533 11
449 3497 485 3550 sq.
523 3484 557 3533 22
577 3479 698 3533 Petebat
715 3478 761 3533 uti
777 3478 816 3532 ob
832 3477 989 3545 ipsum}¹
1019 3476 1112 3524 ‘nexu

81 3568 162 3605 suum
180 3552 313 3605 iudicium
333 3553 440 3608 addr‘dt.
515 3557 550 3608 25
571 3549 633 3608 alie.
652 3553 689 3607 A.
763 3543 1009 3604 1111111111.

922 3626 984 3680 ss*
