<?xml version="1.0" encoding="UTF-8"?>
<!DOCTYPE html PUBLIC "-//W3C//DTD XHTML 1.0 Transitional//EN"
    "http://www.w3.org/TR/xhtml1/DTD/xhtml1-transitional.dtd">
<html xmlns="http://www.w3.org/1999/xhtml" xml:lang="en" lang="en">
 <head>
  <title>
</title>
<meta http-equiv="Content-Type" content="text/html;charset=utf-8" />
  <meta name='ocr-system' content='tesseract 3.04.00' />
  <meta name='ocr-capabilities' content='ocr_page ocr_carea ocr_par ocr_line ocrx_word'/>
</head>
<body>
  <div class='ocr_page' id='page_1' title='image "./iulivalerialexa00valegoog_0048.png"; bbox 0 0 2414 3826; ppageno 0'>
   <div class='ocr_carea' id='block_1_1' title="bbox 415 173 1101 242">
    <p class='ocr_par' dir='ltr' id='par_1_1' title="bbox 415 173 1101 242">
     <span class='ocr_line' id='line_1_1' title="bbox 415 173 1101 242; baseline 0.017 -15"><span class='ocrx_word' id='word_1_1' title='bbox 415 173 534 230; x_wconf 85' lang='lat' dir='ltr'>ORTUS</span> <span class='ocrx_word' id='word_1_2' title='bbox 553 173 777 231; x_wconf 81' lang='lat' dir='ltr'>ALEXANDRI.</span> <span class='ocrx_word' id='word_1_3' title='bbox 1062 177 1101 242; x_wconf 90' lang='grc'><strong>11</strong></span> 
     </span>
    </p>
   </div>
   <div class='ocr_carea' id='block_1_2' title="bbox 84 335 1155 2991">
    <p class='ocr_par' dir='ltr' id='par_1_2' title="bbox 85 335 1103 598">
     <span class='ocr_line' id='line_1_2' title="bbox 85 335 1102 424; baseline 0 -21"><span class='ocrx_word' id='word_1_4' title='bbox 85 337 289 424; x_wconf 86' lang='lat' dir='ltr'><strong>proveniret,</strong></span> <span class='ocrx_word' id='word_1_5' title='bbox 311 339 427 401; x_wconf 85' lang='lat' dir='ltr'><strong>cuncte</strong></span> <span class='ocrx_word' id='word_1_6' title='bbox 451 335 539 419; x_wconf 85' lang='lat' dir='ltr'><strong>haec,</strong></span> <span class='ocrx_word' id='word_1_7' title='bbox 563 358 645 421; x_wconf 91' lang='lat' dir='ltr'><strong>quae</strong></span> <span class='ocrx_word' id='word_1_8' title='bbox 668 336 835 422; x_wconf 86' lang='lat' dir='ltr'><strong>praedicta</strong></span> <span class='ocrx_word' id='word_1_9' title='bbox 858 340 948 422; x_wconf 89' lang='lat' dir='ltr'><strong>sunt,</strong></span> <span class='ocrx_word' id='word_1_10' title='bbox 973 341 1102 421; x_wconf 89' lang='lat' dir='ltr'><strong>porten-</strong></span> 
     </span>
     <span class='ocr_line' id='line_1_3' title="bbox 87 423 1103 510; baseline 0.001 -19"><span class='ocrx_word' id='word_1_11' title='bbox 87 426 183 492; x_wconf 84' lang='lat' dir='ltr'><strong>disse.</strong></span> <span class='ocrx_word' id='word_1_12' title='bbox 225 423 270 491; x_wconf 76' lang='lat' dir='ltr'><strong>llt</strong></span> <span class='ocrx_word' id='word_1_13' title='bbox 287 425 340 490; x_wconf 88' lang='lat' dir='ltr'><strong>his</strong></span> <span class='ocrx_word' id='word_1_14' title='bbox 359 424 492 509; x_wconf 89' lang='lat' dir='ltr'><strong>quidem</strong></span> <span class='ocrx_word' id='word_1_15' title='bbox 510 425 545 488; x_wconf 93' lang='lat' dir='ltr'><strong>in</strong></span> <span class='ocrx_word' id='word_1_16' title='bbox 562 424 648 490; x_wconf 91' lang='lat' dir='ltr'><strong>hunc</strong></span> <span class='ocrx_word' id='word_1_17' title='bbox 667 425 798 492; x_wconf 93' lang='lat' dir='ltr'><strong>modum</strong></span> <span class='ocrx_word' id='word_1_18' title='bbox 820 426 1103 510; x_wconf 89' lang='lat' dir='ltr'><strong>interpretamenti</strong></span> 
     </span>
     <span class='ocr_line' id='line_1_4' title="bbox 86 513 730 598; baseline -0.003 -18"><span class='ocrx_word' id='word_1_19' title='bbox 86 515 138 588; x_wconf 83' lang='lat' dir='ltr'><strong>sui</strong></span> <span class='ocrx_word' id='word_1_20' title='bbox 161 513 256 578; x_wconf 89' lang='lat' dir='ltr'><strong>fidem</strong></span> <span class='ocrx_word' id='word_1_21' title='bbox 280 513 402 578; x_wconf 78' lang='lat' dir='ltr'>fecerat</span> <span class='ocrx_word' id='word_1_22' title='bbox 425 514 509 596; x_wconf 90' lang='lat' dir='ltr'><strong>apud</strong></span> <span class='ocrx_word' id='word_1_23' title='bbox 532 513 730 598; x_wconf 88' lang='lat' dir='ltr'><strong>Philippum.</strong></span> 
     </span>
    </p>

    <p class='ocr_par' dir='ltr' id='par_1_3' title="bbox 84 601 1155 2991">
     <span class='ocr_line' id='line_1_5' title="bbox 178 601 1145 687; baseline 0 -19"><span class='ocrx_word' id='word_1_24' title='bbox 178 602 212 668; x_wconf 90' lang='grc'><strong>6.</strong></span> <span class='ocrx_word' id='word_1_25' title='bbox 241 601 424 686; x_wconf 85' lang='lat' dir='ltr'><strong>Adpetentc</strong></span> <span class='ocrx_word' id='word_1_26' title='bbox 448 606 558 667; x_wconf 86' lang='lat' dir='ltr'><strong>autem</strong></span> <span class='ocrx_word' id='word_1_27' title='bbox 580 603 645 666; x_wconf 88' lang='lat' dir='ltr'><strong>iam</strong></span> <span class='ocrx_word' id='word_1_28' title='bbox 668 602 878 687; x_wconf 78' lang='lat' dir='ltr'><strong>partitudinis</strong></span> <span class='ocrx_word' id='word_1_29' title='bbox 902 606 1048 687; x_wconf 87' lang='lat' dir='ltr'><strong>tempore</strong></span> <span class='ocrx_word' id='word_1_30' title='bbox 1085 610 1145 668; x_wconf 83' lang='lat' dir='ltr'>XII.</span> 
     </span>
     <span class='ocr_line' id='line_1_6' title="bbox 86 689 1131 776; baseline -0.001 -18"><span class='ocrx_word' id='word_1_31' title='bbox 86 691 280 758; x_wconf 86' lang='lat' dir='ltr'><strong>consederat</strong></span> <span class='ocrx_word' id='word_1_32' title='bbox 305 689 475 776; x_wconf 83' lang='lat' dir='ltr'><strong>Olympias</strong></span> <span class='ocrx_word' id='word_1_33' title='bbox 504 691 594 755; x_wconf 88' lang='lat' dir='ltr'><strong>oneri</strong></span> <span class='ocrx_word' id='word_1_34' title='bbox 621 693 734 775; x_wconf 87' lang='lat' dir='ltr'><strong>partus</strong></span> <span class='ocrx_word' id='word_1_35' title='bbox 763 692 909 760; x_wconf 87' lang='lat' dir='ltr'><strong>levando.</strong></span> <span class='ocrx_word' id='word_1_36' title='bbox 956 689 1018 756; x_wconf 80' lang='lat' dir='ltr'><strong>sed</strong></span> <span class='ocrx_word' id='word_1_37' title='bbox 1048 693 1131 763; x_wconf 71' lang='lat' dir='ltr'><strong>ada</strong></span> 
     </span>
     <span class='ocr_line' id='line_1_7' title="bbox 87 779 1102 866; baseline 0.002 -22"><span class='ocrx_word' id='word_1_38' title='bbox 87 780 206 846; x_wconf 87' lang='lat' dir='ltr'><strong>sistens</strong></span> <span class='ocrx_word' id='word_1_39' title='bbox 229 779 439 845; x_wconf 86' lang='lat' dir='ltr'><strong>Nectanabus</strong></span> <span class='ocrx_word' id='word_1_40' title='bbox 462 779 711 864; x_wconf 89' lang='lat' dir='ltr'><strong>inspectansque</strong></span> <span class='ocrx_word' id='word_1_41' title='bbox 739 781 871 845; x_wconf 88' lang='lat' dir='ltr'><strong>coelites</strong></span> <span class='ocrx_word' id='word_1_42' title='bbox 895 802 1022 866; x_wconf 83' lang='lat' dir='ltr'><strong>cursus,</strong></span> <span class='ocrx_word' id='word_1_43' title='bbox 1045 803 1102 861; x_wconf 57' lang='lat' dir='ltr'><strong>no:</strong></span> 
     </span>
     <span class='ocr_line' id='line_1_8' title="bbox 86 867 1101 954; baseline 0 -20"><span class='ocrx_word' id='word_1_44' title='bbox 86 875 161 934; x_wconf 84' lang='lat' dir='ltr'><strong>tans</strong></span> <span class='ocrx_word' id='word_1_45' title='bbox 185 870 284 933; x_wconf 88' lang='lat' dir='ltr'><strong>etiam</strong></span> <span class='ocrx_word' id='word_1_46' title='bbox 308 867 473 933; x_wconf 88' lang='lat' dir='ltr'><strong>mundana</strong></span> <span class='ocrx_word' id='word_1_47' title='bbox 496 871 634 953; x_wconf 84' lang='lat' dir='ltr'><strong>secreta,</strong></span> <span class='ocrx_word' id='word_1_48' title='bbox 662 869 780 954; x_wconf 90' lang='lat' dir='ltr'><strong>peritia</strong></span> <span class='ocrx_word' id='word_1_49' title='bbox 808 872 938 934; x_wconf 91' lang='lat' dir='ltr'><strong>auctore</strong></span> <span class='ocrx_word' id='word_1_50' title='bbox 967 867 1101 953; x_wconf 68' lang='lat' dir='ltr'><strong>‘Mane&#39;</strong></span> 
     </span>
     <span class='ocr_line' id='line_1_9' title="bbox 86 957 1101 1043; baseline 0 -21"><span class='ocrx_word' id='word_1_51' title='bbox 86 958 206 1043; x_wconf 91' lang='lat' dir='ltr'><strong>inquit,</strong></span> <span class='ocrx_word' id='word_1_52' title='bbox 230 957 381 1042; x_wconf 75' lang='lat' dir='ltr'><strong>‘quaeso,</strong></span> <span class='ocrx_word' id='word_1_53' title='bbox 410 957 455 1021; x_wconf 91' lang='lat' dir='ltr'><strong>mi</strong></span> <span class='ocrx_word' id='word_1_54' title='bbox 478 957 607 1040; x_wconf 89' lang='lat' dir='ltr'><strong>mulier,</strong></span> <span class='ocrx_word' id='word_1_55' title='bbox 631 959 664 1021; x_wconf 88' lang='lat' dir='ltr'><strong>et</strong></span> <span class='ocrx_word' id='word_1_56' title='bbox 687 957 753 1021; x_wconf 90' lang='lat' dir='ltr'><strong>vim</strong></span> <span class='ocrx_word' id='word_1_57' title='bbox 777 957 987 1041; x_wconf 69' lang='lat' dir='ltr'><strong>partitudinis</strong></span> <span class='ocrx_word' id='word_1_58' title='bbox 1010 959 1101 1023; x_wconf 90' lang='lat' dir='ltr'><strong>vince</strong></span> 
     </span>
     <span class='ocr_line' id='line_1_10' title="bbox 86 1045 1101 1130; baseline 0.001 -20"><span class='ocrx_word' id='word_1_59' title='bbox 86 1048 258 1129; x_wconf 72' lang='lat' dir='ltr'><strong>reprimas</strong></span> <span class='ocrx_word' id='word_1_60' title='bbox 282 1046 449 1129; x_wconf 74' lang='lat' dir='ltr'><strong>yeniturae</strong></span> <span class='ocrx_word' id='word_1_61' title='bbox 477 1045 705 1110; x_wconf 87' lang='lat' dir='ltr'><strong>necessitatem</strong></span> <span class='ocrx_word' id='word_1_62' title='bbox 736 1045 950 1129; x_wconf 79' lang='lat' dir='ltr'><strong>imminentis3</strong></span> <span class='ocrx_word' id='word_1_63' title='bbox 982 1047 1101 1130; x_wconf 87' lang='lat' dir='ltr'><strong>quippe</strong></span> 
     </span>
     <span class='ocr_line' id='line_1_11' title="bbox 86 1133 1142 1219; baseline 0.004 -19"><span class='ocrx_word' id='word_1_64' title='bbox 86 1136 115 1200; x_wconf 87' lang='lat' dir='ltr'><strong>si</strong></span> <span class='ocrx_word' id='word_1_65' title='bbox 137 1156 222 1200; x_wconf 91' lang='lat' dir='ltr'><strong>nunc</strong></span> <span class='ocrx_word' id='word_1_66' title='bbox 244 1134 305 1199; x_wconf 89' lang='lat' dir='ltr'><strong>fiat</strong></span> <span class='ocrx_word' id='word_1_67' title='bbox 328 1134 433 1198; x_wconf 89' lang='lat' dir='ltr'><strong>editus</strong></span> <span class='ocrx_word' id='word_1_68' title='bbox 456 1137 584 1218; x_wconf 82' lang='lat' dir='ltr'><strong>partus,</strong></span> <span class='ocrx_word' id='word_1_69' title='bbox 608 1135 723 1198; x_wconf 87' lang='lat' dir='ltr'><strong>servile</strong></span> <span class='ocrx_word' id='word_1_70' title='bbox 746 1133 899 1218; x_wconf 83' lang='lat' dir='ltr'><strong>quiddam</strong></span> <span class='ocrx_word' id='word_1_71' title='bbox 923 1134 1142 1219; x_wconf 87' lang='lat' dir='ltr'><strong>captivum-10</strong></span> 
     </span>
     <span class='ocr_line' id='line_1_12' title="bbox 87 1221 1101 1309; baseline -0.001 -21"><span class='ocrx_word' id='word_1_72' title='bbox 87 1246 149 1308; x_wconf 89' lang='lat' dir='ltr'><strong>que</strong></span> <span class='ocrx_word' id='word_1_73' title='bbox 163 1227 334 1309; x_wconf 89' lang='lat' dir='ltr'><strong>potentum</strong></span> <span class='ocrx_word' id='word_1_74' title='bbox 352 1226 467 1287; x_wconf 90' lang='lat' dir='ltr'><strong>natum</strong></span> <span class='ocrx_word' id='word_1_75' title='bbox 486 1222 526 1286; x_wconf 93' lang='lat' dir='ltr'><strong>iri</strong></span> <span class='ocrx_word' id='word_1_76' title='bbox 545 1226 634 1287; x_wconf 88' lang='lat' dir='ltr'><strong>astra</strong></span> <span class='ocrx_word' id='word_1_77' title='bbox 652 1221 867 1289; x_wconf 72' lang='lat' dir='ltr'><strong>minitantur?</strong></span> <span class='ocrx_word' id='word_1_78' title='bbox 900 1221 1009 1306; x_wconf 83' lang='lat' dir='ltr'><strong>Atque</strong></span> <span class='ocrx_word' id='word_1_79' title='bbox 1028 1244 1101 1287; x_wconf 86' lang='lat' dir='ltr'><strong>cunr</strong></span> 
     </span>
     <span class='ocr_line' id='line_1_13' title="bbox 86 1310 1101 1396; baseline -0.001 -20"><span class='ocrx_word' id='word_1_80' title='bbox 86 1313 279 1377; x_wconf 87' lang='lat' dir='ltr'><strong>obdurasset</strong></span> <span class='ocrx_word' id='word_1_81' title='bbox 297 1311 413 1376; x_wconf 89' lang='lat' dir='ltr'><strong>mulier</strong></span> <span class='ocrx_word' id='word_1_82' title='bbox 431 1311 634 1376; x_wconf 87' lang='lat' dir='ltr'><strong>obfirmatius</strong></span> <span class='ocrx_word' id='word_1_83' title='bbox 655 1310 867 1395; x_wconf 81' lang='lat' dir='ltr'><strong>secundisque</strong></span> <span class='ocrx_word' id='word_1_84' title='bbox 892 1312 1011 1376; x_wconf 87' lang='lat' dir='ltr'><strong>aculeis</strong></span> <span class='ocrx_word' id='word_1_85' title='bbox 1031 1312 1101 1396; x_wconf 91' lang='lat' dir='ltr'><strong>pul·</strong></span> 
     </span>
     <span class='ocr_line' id='line_1_14' title="bbox 86 1399 1100 1485; baseline -0.001 -19"><span class='ocrx_word' id='word_1_86' title='bbox 86 1404 221 1483; x_wconf 85' lang='lat' dir='ltr'><strong>seretur,</strong></span> <span class='ocrx_word' id='word_1_87' title='bbox 239 1422 352 1464; x_wconf 91' lang='lat' dir='ltr'><strong>rursus</strong></span> <span class='ocrx_word' id='word_1_88' title='bbox 372 1399 578 1465; x_wconf 83' lang='lat' dir='ltr'><strong>admonetur:</strong></span> <span class='ocrx_word' id='word_1_89' title='bbox 602 1399 708 1466; x_wconf 76' lang='lat' dir='ltr'><strong>‘Nunc</strong></span> <span class='ocrx_word' id='word_1_90' title='bbox 728 1399 835 1485; x_wconf 88' lang='lat' dir='ltr'><strong>etiam,</strong></span> <span class='ocrx_word' id='word_1_91' title='bbox 857 1422 988 1485; x_wconf 81' lang='lat' dir='ltr'><strong>quaeso,</strong></span> <span class='ocrx_word' id='word_1_92' title='bbox 1007 1400 1100 1465; x_wconf 89' lang='lat' dir='ltr'><strong>dura·</strong></span> 
     </span>
     <span class='ocr_line' id='line_1_15' title="bbox 85 1487 1103 1575; baseline -0.001 -21"><span class='ocrx_word' id='word_1_93' title='bbox 85 1490 171 1555; x_wconf 92' lang='lat' dir='ltr'><strong>veris</strong></span> <span class='ocrx_word' id='word_1_94' title='bbox 199 1489 381 1575; x_wconf 88' lang='lat' dir='ltr'><strong>paululum,</strong></span> <span class='ocrx_word' id='word_1_95' title='bbox 411 1490 530 1573; x_wconf 90' lang='lat' dir='ltr'><strong>quippe</strong></span> <span class='ocrx_word' id='word_1_96' title='bbox 558 1489 586 1552; x_wconf 90' lang='lat' dir='ltr'><strong>si</strong></span> <span class='ocrx_word' id='word_1_97' title='bbox 615 1487 703 1552; x_wconf 89' lang='lat' dir='ltr'><strong>editu</strong></span> <span class='ocrx_word' id='word_1_98' title='bbox 730 1489 818 1554; x_wconf 88' lang='lat' dir='ltr'><strong>victa</strong></span> <span class='ocrx_word' id='word_1_99' title='bbox 847 1490 906 1570; x_wconf 91' lang='lat' dir='ltr'><strong>sis,</strong></span> <span class='ocrx_word' id='word_1_100' title='bbox 934 1490 1041 1575; x_wconf 85' lang='lat' dir='ltr'><strong>gallus</strong></span> <span class='ocrx_word' id='word_1_101' title='bbox 1069 1495 1103 1554; x_wconf 87' lang='lat' dir='ltr'><strong>et</strong></span> 
     </span>
     <span class='ocr_line' id='line_1_16' title="bbox 86 1575 1141 1663; baseline 0.002 -20"><span class='ocrx_word' id='word_1_102' title='bbox 86 1578 219 1643; x_wconf 83' lang='lat' dir='ltr'><strong>semivir</strong></span> <span class='ocrx_word' id='word_1_103' title='bbox 242 1578 316 1662; x_wconf 82' lang='lat' dir='ltr'><strong>crit,</strong></span> <span class='ocrx_word' id='word_1_104' title='bbox 341 1578 397 1662; x_wconf 94' lang='lat' dir='ltr'><strong>qui</strong></span> <span class='ocrx_word' id='word_1_105' title='bbox 419 1575 592 1642; x_wconf 70' lang='lat' dir='ltr'><strong>nascetur?</strong></span> <span class='ocrx_word' id='word_1_106' title='bbox 638 1575 732 1641; x_wconf 84' lang='lat' dir='ltr'><strong>Talia</strong></span> <span class='ocrx_word' id='word_1_107' title='bbox 756 1581 789 1642; x_wconf 88' lang='lat' dir='ltr'><strong>et</strong></span> <span class='ocrx_word' id='word_1_108' title='bbox 811 1577 965 1642; x_wconf 88' lang='lat' dir='ltr'><strong>blandius</strong></span> <span class='ocrx_word' id='word_1_109' title='bbox 989 1578 1141 1663; x_wconf 81' lang='lat' dir='ltr'><strong>loque-15</strong></span> 
     </span>
     <span class='ocr_line' id='line_1_17' title="bbox 85 1665 1101 1746; baseline -0.001 -14"><span class='ocrx_word' id='word_1_110' title='bbox 85 1668 183 1732; x_wconf 86' lang='lat' dir='ltr'><strong>batur</strong></span> <span class='ocrx_word' id='word_1_111' title='bbox 207 1671 240 1731; x_wconf 90' lang='lat' dir='ltr'><strong>et</strong></span> <span class='ocrx_word' id='word_1_112' title='bbox 263 1667 445 1732; x_wconf 74' lang='lat' dir='ltr'><strong>adtrectare</strong></span> <span class='ocrx_word' id='word_1_113' title='bbox 470 1665 624 1731; x_wconf 88' lang='lat' dir='ltr'><strong>secretius</strong></span> <span class='ocrx_word' id='word_1_114' title='bbox 643 1666 811 1730; x_wconf 89' lang='lat' dir='ltr'><strong>mulierem</strong></span> <span class='ocrx_word' id='word_1_115' title='bbox 834 1688 901 1731; x_wconf 91' lang='lat' dir='ltr'><strong>non</strong></span> <span class='ocrx_word' id='word_1_116' title='bbox 923 1667 1101 1746; x_wconf 84' lang='lat' dir='ltr'><strong>differebat,</strong></span> 
     </span>
     <span class='ocr_line' id='line_1_18' title="bbox 85 1754 1100 1840; baseline 0 -20"><span class='ocrx_word' id='word_1_117' title='bbox 85 1759 177 1822; x_wconf 87' lang='lat' dir='ltr'><strong>tactu</strong></span> <span class='ocrx_word' id='word_1_118' title='bbox 207 1756 307 1820; x_wconf 89' lang='lat' dir='ltr'><strong>etiam</strong></span> <span class='ocrx_word' id='word_1_119' title='bbox 338 1754 557 1837; x_wconf 86' lang='lat' dir='ltr'><strong>opitulaturus</strong></span> <span class='ocrx_word' id='word_1_120' title='bbox 588 1756 638 1818; x_wconf 84' lang='lat' dir='ltr'><strong>att</strong></span> <span class='ocrx_word' id='word_1_121' title='bbox 668 1755 706 1818; x_wconf 92' lang='lat' dir='ltr'><strong>de</strong></span> <span class='ocrx_word' id='word_1_122' title='bbox 727 1755 907 1840; x_wconf 86' lang='lat' dir='ltr'><strong>...pueri</strong></span> <span class='ocrx_word' id='word_1_123' title='bbox 953 1754 1001 1821; x_wconf 85' lang='lat' dir='ltr'><strong>Ac</strong></span> <span class='ocrx_word' id='word_1_124' title='bbox 1030 1760 1100 1820; x_wconf 89' lang='lat' dir='ltr'><strong>tum</strong></span> 
     </span>
     <span class='ocr_line' id='line_1_19' title="bbox 85 1842 1101 1928; baseline -0.002 -18"><span class='ocrx_word' id='word_1_125' title='bbox 85 1845 215 1911; x_wconf 87' lang='lat' dir='ltr'><strong>demum</strong></span> <span class='ocrx_word' id='word_1_126' title='bbox 240 1843 345 1908; x_wconf 90' lang='lat' dir='ltr'><strong>acrius</strong></span> <span class='ocrx_word' id='word_1_127' title='bbox 369 1842 500 1908; x_wconf 89' lang='lat' dir='ltr'><strong>intuens</strong></span> <span class='ocrx_word' id='word_1_128' title='bbox 525 1864 636 1908; x_wconf 89' lang='lat' dir='ltr'><strong>cursus</strong></span> <span class='ocrx_word' id='word_1_129' title='bbox 660 1846 824 1909; x_wconf 89' lang='lat' dir='ltr'><strong>astrorum</strong></span> <span class='ocrx_word' id='word_1_130' title='bbox 843 1847 1014 1928; x_wconf 89' lang='lat' dir='ltr'><strong>motusque</strong></span> <span class='ocrx_word' id='word_1_131' title='bbox 1039 1844 1101 1908; x_wconf 86' lang='lat' dir='ltr'><strong>ele·</strong></span> 
     </span>
     <span class='ocr_line' id='line_1_20' title="bbox 85 1931 1099 2016; baseline -0.002 -18"><span class='ocrx_word' id='word_1_132' title='bbox 85 1936 269 1998; x_wconf 88' lang='lat' dir='ltr'><strong>mentorum</strong></span> <span class='ocrx_word' id='word_1_133' title='bbox 296 1932 464 2016; x_wconf 78' lang='lat' dir='ltr'><strong>cognoscit</strong></span> <span class='ocrx_word' id='word_1_134' title='bbox 491 1931 558 1995; x_wconf 91' lang='lat' dir='ltr'><strong>iam</strong></span> <span class='ocrx_word' id='word_1_135' title='bbox 581 1952 710 1995; x_wconf 87' lang='lat' dir='ltr'><strong>omnem</strong></span> <span class='ocrx_word' id='word_1_136' title='bbox 734 1931 889 1995; x_wconf 90' lang='lat' dir='ltr'><strong>mundum</strong></span> <span class='ocrx_word' id='word_1_137' title='bbox 913 1934 978 1997; x_wconf 91' lang='lat' dir='ltr'><strong>vim</strong></span> <span class='ocrx_word' id='word_1_138' title='bbox 1008 1955 1099 1996; x_wconf 89' lang='lat' dir='ltr'><strong>suam</strong></span> 
     </span>
     <span class='ocr_line' id='line_1_21' title="bbox 84 2018 1141 2103; baseline 0.001 -17"><span class='ocrx_word' id='word_1_139' title='bbox 84 2023 120 2086; x_wconf 92' lang='lat' dir='ltr'><strong>in</strong></span> <span class='ocrx_word' id='word_1_140' title='bbox 139 2042 265 2086; x_wconf 91' lang='lat' dir='ltr'><strong>summo</strong></span> <span class='ocrx_word' id='word_1_141' title='bbox 285 2019 425 2085; x_wconf 89' lang='lat' dir='ltr'><strong>culmine</strong></span> <span class='ocrx_word' id='word_1_142' title='bbox 444 2020 667 2085; x_wconf 89' lang='lat' dir='ltr'><strong>conversionis</strong></span> <span class='ocrx_word' id='word_1_143' title='bbox 687 2018 759 2083; x_wconf 89' lang='lat' dir='ltr'><strong>lene</strong></span> <span class='ocrx_word' id='word_1_144' title='bbox 778 2019 916 2083; x_wconf 87' lang='lat' dir='ltr'><strong>librasse</strong></span> <span class='ocrx_word' id='word_1_145' title='bbox 936 2019 1100 2103; x_wconf 90' lang='lat' dir='ltr'><strong>solemque</strong></span> <span class='ocrx_word' id='word_1_146' title='bbox 1115 2049 1141 2089; x_wconf 76' lang='lat' dir='ltr'><strong>eo</strong></span> 
     </span>
     <span class='ocr_line' id='line_1_22' title="bbox 84 2107 1100 2197; baseline -0.003 -22"><span class='ocrx_word' id='word_1_147' title='bbox 84 2112 195 2197; x_wconf 90' lang='lat' dir='ltr'><strong>ipsum</strong></span> <span class='ocrx_word' id='word_1_148' title='bbox 218 2109 357 2174; x_wconf 90' lang='lat' dir='ltr'><strong>mediam</strong></span> <span class='ocrx_word' id='word_1_149' title='bbox 380 2108 460 2173; x_wconf 89' lang='lat' dir='ltr'><strong>caeli</strong></span> <span class='ocrx_word' id='word_1_150' title='bbox 484 2108 617 2192; x_wconf 85' lang='lat' dir='ltr'><strong>plagam</strong></span> <span class='ocrx_word' id='word_1_151' title='bbox 646 2111 679 2171; x_wconf 89' lang='lat' dir='ltr'><strong>et</strong></span> <span class='ocrx_word' id='word_1_152' title='bbox 706 2107 841 2173; x_wconf 81' lang='lat' dir='ltr'><strong>convexi</strong></span> <span class='ocrx_word' id='word_1_153' title='bbox 868 2108 1005 2172; x_wconf 90' lang='lat' dir='ltr'><strong>celsiora</strong></span> <span class='ocrx_word' id='word_1_154' title='bbox 1029 2129 1100 2192; x_wconf 89' lang='lat' dir='ltr'><strong>per-</strong></span> 
     </span>
     <span class='ocr_line' id='line_1_23' title="bbox 85 2194 1099 2282; baseline -0.003 -17"><span class='ocrx_word' id='word_1_155' title='bbox 85 2220 222 2265; x_wconf 88' lang='lat' dir='ltr'><strong>currere.</strong></span> <span class='ocrx_word' id='word_1_156' title='bbox 265 2197 355 2262; x_wconf 84' lang='lat' dir='ltr'><strong>Tunc</strong></span> <span class='ocrx_word' id='word_1_157' title='bbox 378 2218 455 2282; x_wconf 91' lang='lat' dir='ltr'><strong>ergo</strong></span> <span class='ocrx_word' id='word_1_158' title='bbox 481 2197 521 2261; x_wconf 90' lang='lat' dir='ltr'><strong>ad</strong></span> <span class='ocrx_word' id='word_1_159' title='bbox 541 2195 709 2260; x_wconf 89' lang='lat' dir='ltr'><strong>mulierem</strong></span> <span class='ocrx_word' id='word_1_160' title='bbox 734 2197 781 2261; x_wconf 84' lang='lat' dir='ltr'><strong>sic</strong></span> <span class='ocrx_word' id='word_1_161' title='bbox 804 2196 862 2261; x_wconf 90' lang='lat' dir='ltr'><strong>ait:</strong></span> <span class='ocrx_word' id='word_1_162' title='bbox 887 2194 951 2261; x_wconf 77' lang='lat' dir='ltr'><strong>‘En</strong></span> <span class='ocrx_word' id='word_1_163' title='bbox 969 2200 1099 2278; x_wconf 90' lang='lat' dir='ltr'><strong>tempus</strong></span> 
     </span>
     <span class='ocr_line' id='line_1_24' title="bbox 85 2285 1100 2373; baseline -0.004 -19"><span class='ocrx_word' id='word_1_164' title='bbox 85 2286 156 2373; x_wconf 87' lang='lat' dir='ltr'><strong>eat,&#39;</strong></span> <span class='ocrx_word' id='word_1_165' title='bbox 175 2287 291 2371; x_wconf 86' lang='lat' dir='ltr'><strong>inquit,</strong></span> <span class='ocrx_word' id='word_1_166' title='bbox 311 2285 400 2351; x_wconf 72' lang='lat' dir='ltr'><strong>‘voce</strong></span> <span class='ocrx_word' id='word_1_167' title='bbox 415 2307 501 2350; x_wconf 90' lang='lat' dir='ltr'><strong>nune</strong></span> <span class='ocrx_word' id='word_1_168' title='bbox 514 2285 652 2350; x_wconf 88' lang='lat' dir='ltr'><strong>fortiore</strong></span> <span class='ocrx_word' id='word_1_169' title='bbox 671 2307 752 2370; x_wconf 91' lang='lat' dir='ltr'><strong>opus</strong></span> <span class='ocrx_word' id='word_1_170' title='bbox 767 2289 863 2350; x_wconf 88' lang='lat' dir='ltr'><strong>estet</strong></span> <span class='ocrx_word' id='word_1_171' title='bbox 878 2286 1100 2351; x_wconf 89' lang='lat' dir='ltr'><strong>obfirmatiore</strong></span> 
     </span>
     <span class='ocr_line' id='line_1_25' title="bbox 85 2373 1100 2461; baseline -0.001 -20"><span class='ocrx_word' id='word_1_172' title='bbox 85 2380 219 2461; x_wconf 85' lang='lat' dir='ltr'><strong>conatu,</strong></span> <span class='ocrx_word' id='word_1_173' title='bbox 247 2376 366 2459; x_wconf 88' lang='lat' dir='ltr'><strong>quippe</strong></span> <span class='ocrx_word' id='word_1_174' title='bbox 390 2374 476 2459; x_wconf 91' lang='lat' dir='ltr'><strong>quod</strong></span> <span class='ocrx_word' id='word_1_175' title='bbox 499 2396 586 2439; x_wconf 90' lang='lat' dir='ltr'><strong>nunc</strong></span> <span class='ocrx_word' id='word_1_176' title='bbox 609 2374 672 2438; x_wconf 89' lang='lat' dir='ltr'><strong>erit</strong></span> <span class='ocrx_word' id='word_1_177' title='bbox 694 2373 831 2459; x_wconf 82' lang='lat' dir='ltr'><strong>editum,</strong></span> <span class='ocrx_word' id='word_1_178' title='bbox 860 2376 971 2440; x_wconf 92' lang='lat' dir='ltr'><strong>mundi</strong></span> <span class='ocrx_word' id='word_1_179' title='bbox 998 2376 1100 2440; x_wconf 90' lang='lat' dir='ltr'><strong>totius</strong></span> 
     </span>
     <span class='ocr_line' id='line_1_26' title="bbox 85 2461 1142 2551; baseline 0.001 -20"><span class='ocrx_word' id='word_1_180' title='bbox 85 2465 231 2531; x_wconf 91' lang='lat' dir='ltr'><strong>dominio</strong></span> <span class='ocrx_word' id='word_1_181' title='bbox 262 2461 503 2529; x_wconf 67' lang='lat' dir='ltr'><strong>celebrabitur!</strong></span> <span class='ocrx_word' id='word_1_182' title='bbox 557 2461 617 2527; x_wconf 91' lang='lat' dir='ltr'><strong>His</strong></span> <span class='ocrx_word' id='word_1_183' title='bbox 651 2463 773 2528; x_wconf 87' lang='lat' dir='ltr'><strong>femina</strong></span> <span class='ocrx_word' id='word_1_184' title='bbox 805 2464 941 2529; x_wconf 85' lang='lat' dir='ltr'><strong>incitata</strong></span> <span class='ocrx_word' id='word_1_185' title='bbox 974 2465 1142 2551; x_wconf 72' lang='lat' dir='ltr'><strong>mugitum</strong></span> 
     </span>
     <span class='ocr_line' id='line_1_27' title="bbox 85 2551 1101 2637; baseline -0.002 -17"><span class='ocrx_word' id='word_1_186' title='bbox 85 2555 176 2620; x_wconf 89' lang='lat' dir='ltr'><strong>omni</strong></span> <span class='ocrx_word' id='word_1_187' title='bbox 194 2552 417 2618; x_wconf 88' lang='lat' dir='ltr'><strong>vehementius</strong></span> <span class='ocrx_word' id='word_1_188' title='bbox 441 2551 657 2636; x_wconf 89' lang='lat' dir='ltr'><strong>ingemiscens</strong></span> <span class='ocrx_word' id='word_1_189' title='bbox 677 2552 785 2636; x_wconf 86' lang='lat' dir='ltr'><strong>exegit</strong></span> <span class='ocrx_word' id='word_1_190' title='bbox 803 2575 947 2637; x_wconf 88' lang='lat' dir='ltr'><strong>puerum,</strong></span> <span class='ocrx_word' id='word_1_191' title='bbox 971 2555 1026 2637; x_wconf 93' lang='lat' dir='ltr'><strong>qui</strong></span> <span class='ocrx_word' id='word_1_192' title='bbox 1044 2554 1101 2618; x_wconf 93' lang='lat' dir='ltr'><strong>ubi</strong></span> 
     </span>
     <span class='ocr_line' id='line_1_28' title="bbox 85 2641 1100 2725; baseline -0.004 -16"><span class='ocrx_word' id='word_1_193' title='bbox 85 2643 128 2709; x_wconf 90' lang='lat' dir='ltr'><strong>ad</strong></span> <span class='ocrx_word' id='word_1_194' title='bbox 146 2643 282 2709; x_wconf 92' lang='lat' dir='ltr'><strong>humum</strong></span> <span class='ocrx_word' id='word_1_195' title='bbox 301 2641 413 2725; x_wconf 92' lang='lat' dir='ltr'><strong>lapsus</strong></span> <span class='ocrx_word' id='word_1_196' title='bbox 434 2645 491 2724; x_wconf 83' lang='lat' dir='ltr'><strong>est,</strong></span> <span class='ocrx_word' id='word_1_197' title='bbox 511 2642 619 2705; x_wconf 92' lang='lat' dir='ltr'><strong>motus</strong></span> <span class='ocrx_word' id='word_1_198' title='bbox 634 2642 781 2725; x_wconf 91' lang='lat' dir='ltr'><strong>protinus</strong></span> <span class='ocrx_word' id='word_1_199' title='bbox 800 2644 904 2705; x_wconf 88' lang='lat' dir='ltr'><strong>terrae</strong></span> <span class='ocrx_word' id='word_1_200' title='bbox 918 2641 1100 2725; x_wconf 85' lang='lat' dir='ltr'><strong>insequitur</strong></span> 
     </span>
     <span class='ocr_line' id='line_1_29' title="bbox 85 2727 1099 2813; baseline -0.003 -16"><span class='ocrx_word' id='word_1_201' title='bbox 85 2735 120 2798; x_wconf 87' lang='lat' dir='ltr'><strong>et</strong></span> <span class='ocrx_word' id='word_1_202' title='bbox 137 2732 317 2796; x_wconf 87' lang='lat' dir='ltr'><strong>tonitruum</strong></span> <span class='ocrx_word' id='word_1_203' title='bbox 337 2751 450 2813; x_wconf 89' lang='lat' dir='ltr'><strong>crepor</strong></span> <span class='ocrx_word' id='word_1_204' title='bbox 464 2733 697 2812; x_wconf 90' lang='lat' dir='ltr'><strong>ventorumque</strong></span> <span class='ocrx_word' id='word_1_205' title='bbox 716 2727 893 2811; x_wconf 85' lang='lat' dir='ltr'><strong>conflictus,</strong></span> <span class='ocrx_word' id='word_1_206' title='bbox 912 2734 982 2793; x_wconf 87' lang='lat' dir='ltr'><strong>tum</strong></span> <span class='ocrx_word' id='word_1_207' title='bbox 1001 2730 1099 2794; x_wconf 89' lang='lat' dir='ltr'><strong>etiam</strong></span> 
     </span>
     <span class='ocr_line' id='line_1_30' title="bbox 84 2818 1139 2906; baseline 0.001 -20"><span class='ocrx_word' id='word_1_208' title='bbox 84 2821 254 2906; x_wconf 83' lang='lat' dir='ltr'><strong>fulgurum</strong></span> <span class='ocrx_word' id='word_1_209' title='bbox 278 2820 472 2901; x_wconf 89' lang='lat' dir='ltr'><strong>coruscatio,</strong></span> <span class='ocrx_word' id='word_1_210' title='bbox 500 2839 634 2902; x_wconf 87' lang='lat' dir='ltr'><strong>prorsus</strong></span> <span class='ocrx_word' id='word_1_211' title='bbox 663 2823 700 2882; x_wconf 92' lang='lat' dir='ltr'><strong>ut</strong></span> <span class='ocrx_word' id='word_1_212' title='bbox 723 2818 843 2882; x_wconf 88' lang='lat' dir='ltr'><strong>viseres</strong></span> <span class='ocrx_word' id='word_1_213' title='bbox 868 2818 957 2881; x_wconf 91' lang='lat' dir='ltr'><strong>omni</strong></span> <span class='ocrx_word' id='word_1_214' title='bbox 980 2818 1099 2883; x_wconf 90' lang='lat' dir='ltr'><strong>mundo</strong></span> <span class='ocrx_word' id='word_1_215' title='bbox 1114 2849 1139 2888; x_wconf 78' lang='lat' dir='ltr'><strong>rs</strong></span> 
     </span>
     <span class='ocr_line' id='line_1_31' title="bbox 84 2905 1155 2991; baseline -0.008 -16"><span class='ocrx_word' id='word_1_216' title='bbox 84 2931 196 2975; x_wconf 88' lang='lat' dir='ltr'><strong>curam</strong></span> <span class='ocrx_word' id='word_1_217' title='bbox 215 2929 289 2973; x_wconf 90' lang='lat' dir='ltr'><strong>cum</strong></span> <span class='ocrx_word' id='word_1_218' title='bbox 308 2907 364 2971; x_wconf 93' lang='lat' dir='ltr'><strong>illa</strong></span> <span class='ocrx_word' id='word_1_219' title='bbox 377 2906 577 2991; x_wconf 90' lang='lat' dir='ltr'><strong>partitudine</strong></span> <span class='ocrx_word' id='word_1_220' title='bbox 597 2906 809 2971; x_wconf 88' lang='lat' dir='ltr'><strong>elaboratam.</strong></span> <span class='ocrx_word' id='word_1_221' title='bbox 836 2905 926 2991; x_wconf 81' lang='lat' dir='ltr'><strong>Ergo</strong></span> <span class='ocrx_word' id='word_1_222' title='bbox 947 2905 994 2970; x_wconf 89' lang='lat' dir='ltr'><strong>ait</strong></span> <span class='ocrx_word' id='word_1_223' title='bbox 1013 2912 1046 2972; x_wconf 88' lang='lat' dir='ltr'><strong>et</strong></span> <span class='ocrx_word' id='word_1_224' title='bbox 1083 2911 1155 2966; x_wconf 82' lang='lat' dir='ltr'><strong>XIlI.</strong></span> 
     </span>
    </p>
   </div>
   <div class='ocr_carea' id='block_1_3' title="bbox 77 3043 1157 3612">
    <p class='ocr_par' dir='ltr' id='par_1_4' title="bbox 176 3043 861 3116">
     <span class='ocr_line' id='line_1_32' title="bbox 176 3043 861 3116; baseline -0.003 -14"><span class='ocrx_word' id='word_1_225' title='bbox 176 3052 191 3101; x_wconf 91' lang='lat'>1</span> <span class='ocrx_word' id='word_1_226' title='bbox 210 3045 387 3116; x_wconf 88' lang='lat' dir='ltr'><strong>portendisse</strong></span> <span class='ocrx_word' id='word_1_227' title='bbox 406 3045 471 3100; x_wconf 66' lang='lat'><strong>11³.</strong></span> <span class='ocrx_word' id='word_1_228' title='bbox 500 3044 677 3114; x_wconf 87' lang='lat' dir='ltr'><strong>portendisse</strong></span> <span class='ocrx_word' id='word_1_229' title='bbox 695 3043 786 3113; x_wconf 88' lang='lat' dir='ltr'><strong>liquet</strong></span> <span class='ocrx_word' id='word_1_230' title='bbox 805 3045 861 3100; x_wconf 87' lang='lat' dir='ltr'><strong>Mr.</strong></span> 
     </span>
    </p>

    <p class='ocr_par' dir='ltr' id='par_1_5' title="bbox 84 3115 1121 3529">
     <span class='ocr_line' id='line_1_33' title="bbox 175 3115 1098 3174; baseline -0.004 0"><span class='ocrx_word' id='word_1_231' title='bbox 175 3117 205 3174; x_wconf 85' lang='grc'><strong>6.</strong></span> <span class='ocrx_word' id='word_1_232' title='bbox 225 3121 241 3171; x_wconf 80' lang='lat'><strong>5</strong></span> <span class='ocrx_word' id='word_1_233' title='bbox 262 3116 329 3171; x_wconf 82' lang='lat' dir='ltr'><strong>‘Sed</strong></span> <span class='ocrx_word' id='word_1_234' title='bbox 348 3115 486 3171; x_wconf 85' lang='lat' dir='ltr'><strong>adsistens</strong></span> <span class='ocrx_word' id='word_1_235' title='bbox 506 3120 597 3172; x_wconf 77' lang='lat' dir='ltr'><strong>etc—</strong></span> <span class='ocrx_word' id='word_1_236' title='bbox 609 3120 642 3169; x_wconf 73' lang='lat'><strong>25</strong></span> <span class='ocrx_word' id='word_1_237' title='bbox 657 3115 709 3170; x_wconf 89' lang='lat' dir='ltr'><strong>His</strong></span> <span class='ocrx_word' id='word_1_238' title='bbox 727 3115 833 3171; x_wconf 87' lang='lat' dir='ltr'><strong>femina</strong></span> <span class='ocrx_word' id='word_1_239' title='bbox 852 3115 982 3171; x_wconf 82' lang='lat' dir='ltr'><strong>incitata&#39;</strong></span> <span class='ocrx_word' id='word_1_240' title='bbox 1004 3131 1053 3170; x_wconf 86' lang='lat' dir='ltr'><strong>om.</strong></span> <span class='ocrx_word' id='word_1_241' title='bbox 1066 3116 1098 3170; x_wconf 92' lang='lat' dir='ltr'><strong>P.</strong></span> 
     </span>
     <span class='ocr_line' id='line_1_34' title="bbox 84 3188 1099 3260; baseline -0.005 -14"><span class='ocrx_word' id='word_1_242' title='bbox 84 3197 101 3246; x_wconf 84' lang='grc'>9</span> <span class='ocrx_word' id='word_1_243' title='bbox 111 3189 266 3260; x_wconf 89' lang='lat' dir='ltr'><strong>reprimens</strong></span> <span class='ocrx_word' id='word_1_244' title='bbox 277 3188 423 3258; x_wconf 85' lang='lat' dir='ltr'><strong>geniturae</strong></span> <span class='ocrx_word' id='word_1_245' title='bbox 433 3189 562 3258; x_wconf 80' lang='lat' dir='ltr'><strong>temptavi</strong></span> <span class='ocrx_word' id='word_1_246' title='bbox 571 3188 710 3242; x_wconf 73' lang='lat' dir='ltr'><strong>restituere</strong></span> <span class='ocrx_word' id='word_1_247' title='bbox 715 3207 726 3252; x_wconf 90' lang='lat'><strong>‚·</strong></span> <span class='ocrx_word' id='word_1_248' title='bbox 741 3190 851 3255; x_wconf 75' lang='lat' dir='ltr'><strong>quaein</strong></span> <span class='ocrx_word' id='word_1_249' title='bbox 861 3193 887 3241; x_wconf 75' lang='grc' dir='ltr'><strong>Τ.</strong></span> <span class='ocrx_word' id='word_1_250' title='bbox 898 3188 1003 3256; x_wconf 82' lang='lat' dir='ltr'><strong>scripta</strong></span> <span class='ocrx_word' id='word_1_251' title='bbox 1012 3192 1099 3252; x_wconf 80' lang='lat' dir='ltr'><strong>eruat,</strong></span> 
     </span>
     <span class='ocr_line' id='line_1_35' title="bbox 85 3257 1100 3334; baseline -0.006 -17"><span class='ocrx_word' id='word_1_252' title='bbox 85 3263 171 3334; x_wconf 73' lang='lat' dir='ltr'><strong>tepere</strong></span> <span class='ocrx_word' id='word_1_253' title='bbox 183 3265 383 3330; x_wconf 69' lang='lat' dir='ltr'><strong>compotorum.</strong></span> <span class='ocrx_word' id='word_1_254' title='bbox 414 3264 446 3313; x_wconf 93' lang='lat'><strong>10</strong></span> <span class='ocrx_word' id='word_1_255' title='bbox 461 3257 607 3328; x_wconf 88' lang='lat' dir='ltr'><strong>quiddam]</strong></span> <span class='ocrx_word' id='word_1_256' title='bbox 619 3257 734 3326; x_wconf 87' lang='lat' dir='ltr'><strong>quidam</strong></span> <span class='ocrx_word' id='word_1_257' title='bbox 744 3264 771 3313; x_wconf 75' lang='grc' dir='ltr'><strong>Τ.</strong></span> <span class='ocrx_word' id='word_1_258' title='bbox 797 3264 829 3311; x_wconf 81' lang='lat'><strong>15</strong></span> <span class='ocrx_word' id='word_1_259' title='bbox 844 3260 973 3313; x_wconf 81' lang='lat' dir='ltr'><strong>noscetur</strong></span> <span class='ocrx_word' id='word_1_260' title='bbox 986 3259 1100 3327; x_wconf 81' lang='lat' dir='ltr'><strong>scripsi,-</strong></span> 
     </span>
     <span class='ocr_line' id='line_1_36' title="bbox 85 3329 1100 3400; baseline -0.006 -12"><span class='ocrx_word' id='word_1_261' title='bbox 85 3333 248 3388; x_wconf 65' lang='lat' dir='ltr'><strong>nasciturr.</strong></span> <span class='ocrx_word' id='word_1_262' title='bbox 287 3335 319 3385; x_wconf 77' lang='lat'><strong>17</strong></span> <span class='ocrx_word' id='word_1_263' title='bbox 336 3331 435 3386; x_wconf 90' lang='lat' dir='ltr'><strong>attde.</strong></span> <span class='ocrx_word' id='word_1_264' title='bbox 446 3373 453 3385; x_wconf 89' lang='lat'><strong>.</strong></span> <span class='ocrx_word' id='word_1_265' title='bbox 465 3330 489 3400; x_wconf 91' lang='lat'><strong>.]</strong></span> <span class='ocrx_word' id='word_1_266' title='bbox 499 3329 789 3398; x_wconf 76' lang='lat' dir='ltr'><strong>desuntquiaquescre</strong></span> <span class='ocrx_word' id='word_1_267' title='bbox 799 3330 912 3395; x_wconf 80' lang='lat' dir='ltr'><strong>litterae,</strong></span> <span class='ocrx_word' id='word_1_268' title='bbox 927 3344 1100 3399; x_wconf 70' lang='lat' dir='ltr'><strong>quaeroque-</strong></span> 
     </span>
     <span class='ocr_line' id='line_1_37' title="bbox 85 3400 1121 3529; baseline -0.009 -69"><span class='ocrx_word' id='word_1_269' title='bbox 85 3421 157 3529; x_wconf 62' lang='lat' dir='ltr'><strong>lsfpre</strong></span> <span class='ocrx_word' id='word_1_270' title='bbox 170 3419 228 3458; x_wconf 80' lang='lat' dir='ltr'><strong>uon</strong></span> <span class='ocrx_word' id='word_1_271' title='bbox 238 3400 652 3529; x_wconf 50' lang='lat' dir='ltr'><strong>pitiram&#39;liffoefieralpioniglgr&#39;</strong></span> <span class='ocrx_word' id='word_1_272' title='bbox 661 3401 734 3455; x_wconf 79' lang='lat' dir='ltr'><strong>Keil.</strong></span> <span class='ocrx_word' id='word_1_273' title='bbox 772 3406 806 3528; x_wconf 65' lang='grc' dir='ltr'><strong>ξο</strong></span> <span class='ocrx_word' id='word_1_274' title='bbox 821 3401 883 3527; x_wconf 67' lang='lat' dir='ltr'><strong>lepe</strong></span> <span class='ocrx_word' id='word_1_275' title='bbox 898 3400 1121 3522; x_wconf 42' lang='grc' dir='ltr'><strong>ὶὶὶιξέεωὲὲεξᾷ</strong></span> 
     </span>
    </p>

    <p class='ocr_par' dir='ltr' id='par_1_6' title="bbox 77 3473 1157 3612">
     <span class='ocr_line' id='line_1_38' title="bbox 191 3488 1130 3530; baseline -0.002 -3"><span class='ocrx_word' id='word_1_276' title='bbox 191 3488 549 3530; x_wconf 83' lang='lat' dir='ltr'><strong>seoeevererss.</strong></span> <span class='ocrx_word' id='word_1_277' title='bbox 931 3511 978 3526; x_wconf 77' lang='lat'><strong>..</strong></span> <span class='ocrx_word' id='word_1_278' title='bbox 1119 3495 1130 3504; x_wconf 90' lang='lat'><strong>·</strong></span> 
     </span>
     <span class='ocr_line' id='line_1_39' title="bbox 77 3473 1157 3612; baseline -0.006 -11"><span class='ocrx_word' id='word_1_279' title='bbox 77 3492 189 3612; x_wconf 47' lang='lat' dir='ltr'><strong>imqrpls</strong></span> <span class='ocrx_word' id='word_1_280' title='bbox 197 3545 256 3596; x_wconf 79' lang='lat' dir='ltr'><strong>Mr·</strong></span> <span class='ocrx_word' id='word_1_281' title='bbox 284 3543 427 3612; x_wconf 79' lang='lat' dir='ltr'><strong>fulgorum</strong></span> <span class='ocrx_word' id='word_1_282' title='bbox 450 3488 512 3604; x_wconf 73' lang='lat' dir='ltr'><strong>P.e</strong></span> <span class='ocrx_word' id='word_1_283' title='bbox 572 3552 609 3605; x_wconf 83' lang='lat'><strong>30</strong></span> <span class='ocrx_word' id='word_1_284' title='bbox 629 3473 1014 3608; x_wconf 41' lang='lat' dir='ltr'><strong>cdliiiejleldudrndtam„</strong></span> <span class='ocrx_word' id='word_1_285' title='bbox 1035 3530 1157 3590; x_wconf 43' lang='lat' dir='ltr'><strong>tert&amp;</strong></span> 
     </span>
    </p>
   </div>
   <div class='ocr_carea' id='block_1_4' title="bbox 0 0 1212 3826">
    <p class='ocr_par' dir='ltr' id='par_1_7' title="bbox 0 0 1212 3826">
     <span class='ocr_line' id='line_1_40' title="bbox 0 0 1212 3826; baseline 0 0"><span class='ocrx_word' id='word_1_286' title='bbox 0 0 1212 3826; x_wconf 95' lang='lat' dir='ltr'><strong> </strong></span> 
     </span>
    </p>
   </div>
  </div>
 </body>
</html>
