2414 3826
134 138 160 192 X
534 131 750 189 PRAEFATIO.

210 298 344 362 Ineunte
358 298 486 362 saeculo
496 299 608 363 nostro
617 297 775 362 Amedeus
784 299 918 382 Peyron,
927 298 1146 363 bibliothecae

135 387 344 452 Taurinensis
367 408 509 470 praeses,
538 386 615 469 quid
639 390 671 450 et
695 391 787 451 vetus
815 392 848 451 et
875 409 959 451 nova
985 387 1147 470 scriptura

135 476 330 558 contineret,
361 474 522 559 cognovit.
575 472 636 551 Qui
667 497 738 538 cum
770 475 807 540 de
838 476 999 559 scriptura
1028 476 1147 560 priore,

136 586 217 648 quae
241 564 359 628 codicis
378 563 595 628 Theodosiani
614 564 799 647 fragmenta
818 563 1012 647 continebat,
1034 565 1148 629 rectis-

136 655 215 716 sime
238 653 403 735 iudicaret,
426 652 464 715 de
486 650 569 716 lulio
589 650 722 716 Valerio
742 652 906 737 Angelum
925 651 1048 716 Maium
1074 674 1148 717 con-

137 741 246 824 suluit,
269 741 325 824 qui
343 742 439 824 paulo
462 744 537 805 ante
557 737 658 827 (anno
680 738 780 828 1817)
801 740 936 805 eundem
956 741 1147 825 scriptorem

137 851 175 894 ex
199 830 307 894 codice
330 829 546 893 Ambrosiano
571 828 720 893 ediderat.
767 829 829 893 Hie
853 851 926 894 oum
950 850 1035 894 anno
1061 831 1146 895 1817

138 918 262 1003 aliquot
283 918 349 982 dies
369 917 538 1004 Augustae
558 918 773 981 Taurinorum
792 921 982 1000 versaretur,
1005 918 1077 1002 ipse
1097 939 1148 984 co-

137 1007 240 1071 dicem
260 1007 353 1071 illum
374 1008 568 1089 rescriptum
589 1003 770 1091 inspexitl).
806 1005 919 1091 Neque
940 1028 1016 1071 vero
1037 1006 1149 1092 magni

136 1095 233 1179 pretii
257 1118 329 1160 eum
354 1117 424 1160 esse
442 1095 581 1179 putavit,
605 1115 677 1159 cum
702 1116 774 1158 eum
798 1097 926 1162 saeculo
949 1095 1148 1180 duodecimo,

136 1188 212 1268 post
231 1184 372 1249 codicem
395 1183 655 1264 Ambrosianum,
677 1204 739 1266 quo
758 1183 828 1267 ipse
847 1205 925 1248 usus
944 1187 1024 1267 erat,
1048 1186 1149 1269 scrip-

137 1276 208 1335 tum
238 1294 308 1336 esse
339 1272 557 1355 lectionesque
588 1292 684 1354 saepe
712 1273 934 1336 Ambrosianis
963 1273 1149 1355 deteriores

137 1360 299 1452 iqterdnm
316 1362 443 1424 tantum
458 1359 607 1424 meliores
625 1359 775 1424 exhibere
782 1358 807 1447 2)
823 1362 1045 1427 arbitraretur.
1077 1360 1151 1425 Hoc

136 1452 247 1512 tamen
267 1449 430 1532 cognorit,
454 1449 583 1512 initium
606 1448 681 1512 libri
701 1449 799 1531 primi
819 1447 860 1534 (c.
882 1448 1003 1534 1-10)
1027 1454 1060 1513 et
1084 1472 1150 1513 ma-

138 1557 236 1620 gnam
255 1541 382 1620 partem
400 1537 475 1601 libri
495 1537 629 1602 alterius
650 1533 689 1623 (c.
709 1537 866 1624 24-30)‚
888 1560 969 1622 quae
987 1540 1023 1601 in
1041 1537 1151 1602 codiee

139 1625 357 1689 Ambrosiano
387 1625 515 1689 amissis
547 1625 815 1708 quaternionibus
843 1628 947 1710 primo
976 1629 1009 1690 et
1036 1626 1150 1710 quinto

139 1713 264 1797 desunt,
284 1714 318 1777 in
338 1714 447 1777 codice
468 1712 658 1778 Taurinensi
678 1718 807 1779 servata
825 1712 937 1801 esse3).
979 1712 1040 1779 Sed
1058 1736 1099 1779 ne
1118 1715 1152 1779 id

139 1801 268 1884 quidem
291 1801 418 1866 videtur
445 1823 518 1865 eum
546 1802 586 1866 ad
610 1802 766 1867 maiorem
793 1803 912 1868 codicis
935 1804 1152 1868 reverentiam

140 1888 319 1975 adduxisse,
344 1890 502 1975 siquidem
519 1891 646 1955 credere
666 1891 742 1956 licet
757 1890 908 1975 Peyroni,
932 1891 986 1976 qui
1007 1891 1042 1954 in
1059 1913 1152 1975 prae-

139 1977 263 2043 fatione
288 1977 414 2045 Codicis
438 1979 653 2045 Theodosiani
681 1979 953 2064 fragmentorum,
981 2002 1062 2063 quae
1085 1980 1151 2045 Au-

140 2070 255 2150 gustae
274 2068 490 2133 Taurinorum
512 2069 597 2133 1823
615 2068 814 2152 prodierunt,
831 2069 911 2133 haec
928 2071 1069 2133 testatus
1088 2073 1152 2134 est:

139 2153 322 2240 ‘Specimen
354 2158 550 2220 varietatum
583 2157 729 2222 lectionis
763 2158 1074 2223 communicaveram
1106 2156 1153 2223 (11.

140 2243 208 2307 Mai
237 2247 372 2307 exeunte
401 2244 512 2308 eodem
542 2267 640 2323 anno,
668 2246 723 2310 sed
747 2247 799 2311 vix
828 2247 857 2310 ei
885 2246 1019 2329 dignum
1047 2247 1153 2311 visum

141 2335 206 2414 est,
239 2331 325 2415 quod
355 2353 446 2396 suam
477 2334 688 2397 attentionem
717 2335 883 2418 paulisper
915 2333 1151 2422 moraretur4).'

233 2580 258 2648 1)
278 2577 420 2632 Philoct
408 2575 561 2646 tVirgilii
589 2577 775 2648 Interpretos,
805 2579 907 2634 edente
936 2579 1036 2649 Angel.
1066 2579 1153 2635 Maio.

126 2647 679 2718 ΙΜ3111ο1.1818ιι11ΧΧ1ῙΙΙΙιἿ3ιιι
699 2666 765 2705 vero
788 2666 838 2732 per
859 2651 986 2705 autumni
988 2650 1154 2733 praeteriti

140 2721 226 2774 ferias
241 2737 327 2789 quum
341 2720 497 2788 Angustam
512 2719 696 2775 Taurinorum
711 2721 899 2788 accessissem,
913 2719 994 2774 ibi'
967 2738 1010 2775 vrr
1024 2721 1153 2791 eximius,

141 2791 249 2846 amicus
264 2808 350 2858 meus,
365 2789 504 2846 Amedeus
514 2790 654 2859 Peyronus
668 2791 834 2846 ostendebat
848 2762 917 2846 milri
932 2792 1056 2846 codicem
1066 2809 1155 2847 mem-

141 2832 408 2986 braneumlsae’oulo
427 2862 537 2916 circiter
555 2861 608 2917 ΧΠ
627 2862 763 2932 scriptum
783 2863 847 2917 ete’

231 2935 259 3002 2)
316 2951 337 2988 s.
357 2948 378 2987 s.

232 3008 259 3073 3)
232 3004 318 3058 313
337 3003 425 3059 codex
444 3020 574 3074 magnam
593 3003 707 3084 quidem
730 3003 774 3058 sui
792 3005 901 3072 partem
925 3004 1155 3087 3313133313-

142 3090 220 3140 men,
244 3093 316 3145 quae
335 3075 473 3159 superest,
498 3074 542 3128 illi
565 3072 678 3129 omnino
697 3072 753 3129 loci
772 3073 942 3143 sarciuntur,
968 3074 1017 3144 qui
1037 3091 1070 3128 ex
1089 3077 1155 3128 Am-

143 3118 273 3201 brociano
294 3145 391 3200 codice
410 3145 592 3201 exciderunt!
631 3145 649 3199 l.
669 3163 689 3200 s
711 3163 732 3199 s.

232 3220 259 3286 4)
280 3217 380 3272 Exstat
393 3217 512 3271 adhuc
503 3235 533 3271 ιιι
546 3216 719 3270 bibliotheca
733 3213 932 3270 Vaticanat
889 3218 932 3270 rut
934 3233 964 3271 er
982 3217 1099 3272 schedas
1119 3216 1155 3270 ab

143 3287 252 3356 Angelo
269 3288 345 3343 Maio
359 3288 472 3343 relictas
486 3286 587 3341 illud‘
590 3284 732 3355 specimen
746 3285 927 3341 varietatum’
948 3304 1080 3342 unacum
1097 3287 1155 3357 epi

144 3358 227 3426 stola,
247 3375 332 3427 quarn
352 3359 460 3429 Peyron
479 3358 529 3426 eis,
548 3373 619 3426 quae
638 3358 674 3412 ad
693 3358 799 3414 Maium
818 3357 904 3424 misit,
923 3356 1041 3411 addidit.
1078 3359 1156 3412 Haec

143 3429 239 3483 omnia
256 3431 400 3498 Augustus
419 3429 492 3495 Mau,
512 3444 568 3496 qua
587 3429 630 3482 cst
647 3427 858 3511 liberalitate,
850 3445 880 3482 m
898 3445 992 3483 meum
1011 3445 1092 3482 usum
1111 3445 1156 3483 ae·

142 3501 315 3553 curatissime
330 3498 653 3570 descripsitgratiasque
668 3498 696 3554 31
708 3515 763 3571 ago
773 3515 860 3569 quam
872 3499 1019 3554 maximas.
1045 3498 1155 3567 Operae
