2414 3826
128 165 171 230 98
443 207 450 221 .
544 163 664 218 ,meaa
680 163 714 218 11.

127 349 246 394 nomen
270 329 303 390 et
326 326 463 410 gloriam
491 329 525 390 et
549 329 644 408 parta
666 330 717 391 tot
740 327 876 392 saeculis
901 327 1152 412 deformataque

127 437 212 480 nuno
235 414 385 479 Persidos
408 434 511 498 regna
534 415 684 499 lugebat,
710 416 987 500 recursabantque
1016 437 1093 482 eum
1117 422 1153 482 et

128 507 243 587 septae
266 504 362 567 urbes
390 506 424 566 et
451 502 644 586 subiugatae
673 503 825 568 nationes
850 506 887 568 et
912 505 1067 589 aequatio
1097 507 1150 570 sui

129 592 169 656 ad
200 591 333 656 deorum
359 591 594 655 immortalium
621 592 706 656 vires
737 592 880 676 solisque
911 596 1018 676 ortus,
1050 615 1149 678 quem

97 700 109 742 a
133 701 354 746 consessorem
380 679 442 743 sibi
466 678 592 743 dixerat
613 678 797 764 gloriatior3
818 681 884 765 qui
906 681 1036 766 quidem
1059 702 1149 749 nuno

129 768 287 853 profugus
306 768 516 850 desertusque
539 763 572 832 et
594 767 689 851 inops
711 769 858 833 omnium
879 769 967 834 foret
988 769 1148 855 profecto,

129 857 253 940 disens,
284 855 366 921 nulli
396 877 466 921 esse
495 856 666 921 hominurn
694 860 766 922 rata
795 858 849 922 rel
882 858 1017 923 stabilia
1045 859 1148 925 fortn-

128 947 234 1030 narin,
258 965 339 1031 quae
362 946 391 1010 ei
413 965 549 1027 parvam
571 944 818 1010 inclinationem
840 949 948 1011 status
961 946 1023 1011 sai
1049 953 1148 1013 nasta

130 1035 204 1118 sint,
227 1035 261 1097 in
283 1035 484 1099 eontrarium
501 1032 871 1116 protinusreaultarent
889 1039 923 1100 et
942 1056 1089 1120 quemne
1106 1037 1147 1100 de

89 1144 115 1184 ιο
130 1122 270 1189 eulmine
294 1122 334 1187 ad
357 1121 534 1205 profundas
556 1122 710 1187 tenebras
737 1128 921 1207 arguerent.
963 1123 1145 1208 Indulgens

129 1233 209 1296 ergo
232 1211 385 1275 lamentis
413 1209 573 1274 eiusmodi
598 1210 692 1281 humi
717 1215 887 1295 porrectus
904 1212 1074 1297 ,inopsque
1099 1235 1146 1278 so·

130 1301 285 1364 latiorum
310 1298 365 1362 diu
388 1298 549 1363 miseriter
572 1299 731 1382 agitabat

220 1385 278 1453 29.
307 1386 451 1451 Tandem
471 1390 582 1450 tamen
600 1387 657 1451 ubi
676 1388 815 1453 satietas
839 1410 912 1452 eum
932 1410 1082 1472 praesen·
1130 1395 1205 1451 xvfl.

129 1476 213 1539 tium
227 1475 322 1560 oepit,
340 1474 441 1539 veluti
455 1475 582 1539 sobrius
596 1476 835 1541 maestitndinis
844 1475 956 1542 faetus
965 1479 1147 1544 conscribit

91 1564 260 1628 relitteres
283 1563 324 1628 ad
349 1563 569 1629 Alexandrum
596 1564 630 1629 in
652 1565 737 1630 hane
762 1567 974 1630 senteutiam:
1005 1564 1145 1633 ‘Darius

133 1652 265 1717 domino
298 1651 484 1718 Alexandro
515 1651 595 1717 haee
628 1652 719 1719 dieit:
751 1654 836 1718 Ante
855 1655 980 1718 {omnia
1012 1654 1145 1738 quidem

132 1741 194 1805 hoo
221 1762 350 1824 moneo,
380 1740 428 1805 nti
457 1744 491 1804 te
517 1741 551 1804 in
579 1740 641 1807 heo
667 1741 816 1807 fortemne
844 1742 1046 1811 beatitudine
1073 1765 1146 1811 esee

132 1833 243 1895 tamen
264 1829 429 1895 hominem
451 1849 678 1913 recognosoas,
706 1830 864 1915 siquidem
886 1832 968 1904 satie
991 1832 1145 1898 idoneum

132 1924 360 2004 argumentum
384 1918 481 1982 adid
505 1918 634 1983 consilii
655 1918 717 1984 tihi
739 1939 800 2002 ego
823 1923 955 2004 praesto
980 1920 1055 2004 sim,
1079 1943 1145 2007 quo

88 2031 116 2072 ao
129 2008 276 2092 profecto
309 2006 423 2072 dooere
454 2007 579 2091 possim
609 2008 657 2072 nil
685 2007 831 2072 homines
864 2029 964 2091 quam
996 2031 1145 2094 quaeque

129 2096 317 2179 praesentia
344 2118 403 2160 sua
426 2117 633 2179 praesumere
656 2100 815 2181 oportere.
858 2095 974 2180 Neque
996 2099 1086 2162 enim
1106 2099 1145 2163 id

129 2185 226 2249 modo
250 2184 288 2248 de
312 2205 363 2248 me
381 2185 522 2268 primum
540 2184 672 2249 fortuna
690 2187 873 2249 commenta
886 2189 953 2249 est.
988 2184 1060 2250 Iam
1079 2188 1145 2272 pri·

130 2273 203 2336 dem
221 2271 310 2335 istud
327 2272 510 2356 inperante
528 2293 600 2338 meo
620 2272 681 2337 dea
697 2273 756 2337 illa
770 2272 876 2339 Xerxe
893 2277 1146 2341 monstraverat.

128 2358 161 2422 Is
186 2359 305 2443 quippe
331 2360 402 2441 pari
425 2359 619 2443 adrogantia
646 2361 829 2445 aupitorum
857 2384 930 2428 oum
959 2363 995 2428 in
1017 2367 1145 2429 vestros

89 2469 116 2510 ae
130 2446 282 2511 militiam
296 2446 477 2531 delegisset,
497 2448 641 2532 alioquin
656 2450 782 2517 avidior
794 2472 911 2536 rerum,
925 2474 1009 2537 quae
1028 2472 1146 2538 regum

131 2535 252 2618 glorias
271 2534 415 2618 trahunt,
432 2558 491 2620 pro
510 2536 599 2602 hisee
619 2538 779 2623 omnibus,
797 2562 880 2624 quae
898 2542 1041 2626 petebat,
1065 2564 1146 2627 opes

130 2646 206 2689 suas
225 2628 339 2709 totque
357 2624 416 2690 illa
429 2625 639 2691 militantium
658 2627 747 2692 mil'm
766 2628 885 2693 adtrita
904 2631 1027 2712 pariter
1045 2632 1144 2696 amis·

130 2735 282 2797 saque...
293 2714 333 2779 ad
351 2713 594 2798 poenitudinem
611 2715 718 2780 vertit.
754 2715 853 2782 Hisoe
870 2717 973 2803 igitur
991 2740 1069 2784 usus
1088 2741 1145 2784 ex·

22 2869 24 2872 ,
133 2803 247 2887 amplis
266 2803 442 2887 doctusque
467 2803 506 2868 de
524 2804 644 2869 talibus
667 2825 727 2889 pro
747 2803 870 2870 Graeco
889 2808 1021 2872 nomine
1045 2811 1145 2893 atque

219 2964 234 3012 3
249 2959 377 3015 natones
386 2960 417 3014 P.
436 2960 565 3030 regiones
576 2960 606 3015 T.
643 2961 713 3015 lad
723 2960 754 3015 Τ.
769 2962 854 3028 atque
864 2961 898 3016 P.
911 3023 916 3035 ,Ι
936 2966 952 3015 5
967 2962 1101 3031 gloriatio
1114 2962 1145 3022 T.

130 3029 177 3097 qui
197 3029 229 3083 T.
251 3030 299 3084 hio
317 3030 349 3086 P.
410 3031 523 3085 ‘lnnllo
537 3031 571 3086 P.
604 3033 666 3086 rata
682 3031 713 3084 T.
738 3048 803 3084 rara
823 3032 857 3085 P.
890 3034 1004 3087 stabilia
1025 3034 1057 3088 T.
1086 3037 1144 3089 sta

129 3099 213 3154 bilita
231 3100 263 3154 P.
288 3100 444 3156 fortunaria
461 3104 567 3172 scripsi.
591 3101 729 3156 fortunari
749 3102 782 3157 T.
806 3103 917 3156 fortuna
934 3105 968 3159 P.
1018 3105 1144 3160 erenul-

129 3172 224 3224 tarent
244 3171 275 3224 T.
301 3172 438 3226 resultare
458 3173 492 3226 P.
537 3178 569 3227 10
588 3175 721 3242 urgerent
742 3172 771 3228 T.
798 3189 897 3242 urgere
919 3175 953 3229 P.
998 3180 1029 3230 11
1049 3176 1145 3246 inops·

130 3259 183 3311 que
204 3242 235 3296 T.
264 3244 344 3311 inops
362 3242 395 3296 P.

219 3313 267 3368 29.
302 3320 334 3367 13
354 3312 441 3368 satias
461 3313 497 3368 P.
543 3320 574 3368 17
595 3315 648 3368 hoe
664 3314 694 3370 T.
719 3331 805 3368 unum
819 3315 852 3368 P.
885 3333 946 3371 esse
963 3323 1060 3371 tamen
1083 3319 1143 3374 Mn.

130 3381 155 3437 si
172 3386 266 3438 temen
283 3385 316 3440 P.
336 3385 431 3439 tamen
448 3385 480 3439 T.
519 3391 551 3439 19
570 3400 625 3452 quo
641 3386 674 3440 P.
695 3387 770 3454 quod
785 3386 817 3442 T.
860 3392 894 3441 20
913 3388 1020 3456 poesim
1038 3405 1089 3444 om.
1109 3389 1145 3444 P.

118 3470 214 3573 316an
239 3470 366 3578 uneque
382 3455 425 3581 ἒ.
458 3471 683 3524 quamquamque
710 3457 741 3511 P.
823 3464 857 3512 21
878 3459 951 3513 enim
977 3460 1007 3514 id
1032 3475 1084 3516 ores
1112 3459 1144 3515 T.

193 3540 254 3580 moe
297 3568 305 3582 .
337 3544 363 3583 is
409 3569 415 3582 .
