2414 3826
404 188 533 242 OBITUS
553 187 774 248 ALEXANDRI.
804 200 811 212 ·
1033 190 1094 254 153

81 374 141 435 per
166 351 232 415 dies
257 352 392 435 triginta
417 353 501 415 inter
528 351 621 432 haee,
649 372 731 435 quae
759 350 820 414 diis
851 355 1008 435 aguntur,
1026 354 1094 418 ¹ubi

80 441 181 505 fuerit
214 439 256 504 ad
288 441 483 520 lubentium,
521 440 681 515 nubimus.
737 439 877 523 Nuptias
910 462 986 505 vero
1021 462 1094 506 oum

80 529 227 594 maribus
251 529 504 613 derelinquimus
528 529 634 611 pactis
658 536 691 592 εὴ
713 529 854 612 legibus,
882 533 920 592 ut
948 551 1093 614 quaeque

81 619 169 683 exim
189 617 230 681 ad
250 639 362 682 sexum
376 619 462 682 huno
482 617 586 681 editae
601 617 704 697 fuant,
724 617 854 681 eaedem
871 622 948 701 post
967 623 1094 702 septen·
1136 666 1139 672 .

79 709 171 772 nium
190 708 223 770 in
244 708 419 771 exereitum
439 707 652 770 dimittantur.
691 704 753 769 Sed
772 705 828 770 ubi
846 708 1005 790 venerint,
1024 728 1121 772 eru-s

82 797 214 860 diuntur
243 797 331 879 equis
356 799 388 859 et
410 796 521 878 peltis,
549 795 650 859 donec
679 794 778 858 armis
806 794 941 858 idoneae
965 795 1095 862 fuerint.

80 885 190 968 Igitur
208 885 302 948 nobis
322 906 524 968 quocumque
542 883 760 961 militandum,
779 886 812 946 et
825 885 943 965 viginti
961 885 1092 949 milibus
1111 895 1159 948 72.

80 977 231 1039 nostrum
255 974 341 1037 dorni
366 974 455 1037 etin
480 972 586 1056 patria
614 972 898 1055 praetendentibus
923 977 955 1036 et
978 974 1093 1037 ceteris

82 1084 175 1127 arma
194 1066 378 1143 sumuntur3
402 1061 676 1145 redeuntibusque
697 1082 767 1124 mos
791 1063 841 1123 est
859 1060 1015 1125 honorem
1034 1083 1093 1145 pro

81 1151 269 1216 vulneribus
292 1151 464 1215 numerari.
509 1150 560 1213 Ea
586 1151 681 1214 nobis
710 1148 872 1232 stipendia
896 1153 985 1230 sunt,
1012 1150 1093 1215 haec
1107 1171 1134 1211 ιο

81 1241 262 1325 provecti03
290 1243 483 1322 tantumque
512 1240 583 1322 quis
606 1243 753 1302 nostrum
779 1239 899 1302 honore
924 1239 1012 1303 dives
1037 1243 1095 1323 est,

82 1333 241 1414 quantum
271 1329 473 1393 cicatricibus
504 1327 700 1410 insignitior.
753 1326 877 1411 Quippe
910 1330 943 1391 et
976 1349 1095 1392 corona

82 1438 183 1482 aurea
209 1417 378 1481 redimitae
407 1418 586 1481 salutamur
611 1421 706 1500 atque
731 1416 903 1480 adoremur
932 1438 951 1480 a
979 1418 1094 1482 ceteris

82 1511 116 1571 et
139 1506 278 1589 publicis
303 1507 462 1571 conviviis
485 1505 675 1569 adhibemur
704 1509 737 1569 et
764 1509 893 1588 cuneta,
923 1527 1005 1589 quae
1029 1507 1096 1570 sint

81 1590 178 1659 nobis
208 1595 248 1658 ad
275 1595 480 1679 obsequium,
513 1594 708 1659 deferuntur.
759 1594 852 1669 Quod
885 1595 912 1658 si
945 1597 979 1658 in
1008 1595 1135 1660 bellora

84 1688 231 1763 mortem,
255 1706 351 1767 quam
372 1685 439 1747 voti
458 1684 529 1764 erit,
552 1682 672 1757 nobilis
692 1683 785 1766 virgo
805 1691 935 1747 strenue
954 1687 1095 1766 oppetat,

83 1778 118 1836 et
150 1771 279 1837 functae
314 1773 415 1836 divini
451 1772 590 1835 honores
629 1771 825 1835 adhibentur
862 1779 894 1835 et
933 1773 1095 1837 adfinitati

84 1859 265 1925 iunctarum
302 1861 414 1945 largae
451 1861 605 1944 pecuniae
637 1859 842 1943 honoresque
875 1865 1095 1925 numerantur.

84 1946 256 2032 Ceteroqui
280 1951 374 2014 nohis
399 1972 513 2013 aurum
535 1970 602 2013 non
625 1952 676 2012 est
698 1970 800 2032 neque
825 1952 1008 2032 argentum,
1031 1950 1095 2012 nisi
1110 1977 1134 2015 1e

83 2038 168 2123 quod
188 2039 231 2102 sit
253 2041 288 2102 in
310 2038 494 2122 insignibus
513 2035 717 2102 militaribus.
759 2035 848 2100 Haeo
871 2037 928 2100 ilia
951 2040 1037 2118 sunt,
1060 2038 1093 2101 in
1112 2053 1158 2106 73.

83 2128 200 2210 quibus
214 2128 445 2210 impenduntur
458 2131 572 2190 nostra
581 2125 779 2206 discrimina,
794 2125 874 2189 etin
888 2147 970 2209 quae
985 2127 1095 2190 omnia

81 2216 333 2299 periclitandum
359 2220 423 2297 est,
453 2216 648 2299 quicumque
672 2215 857 2279 Amazonas
888 2214 973 2280 bello
1000 2215 1095 2297 depo·

82 2310 181 2369 soent.
221 2301 319 2369 Cuius
340 2308 490 2369 eventum
509 2326 575 2368 non
594 2304 674 2368 satis
694 2303 891 2369 arbitramur
909 2303 1037 2388 utrique
1056 2303 1094 2367 de

81 2395 161 2476 pari.
200 2394 325 2478 Quippe
349 2394 404 2458 ubi
423 2393 643 2458 Amazonibus
668 2394 734 2457 suis
758 2399 872 2458 auctor
891 2393 1019 2478 generis
1039 2416 1095 2457 no-

82 2483 142 2545 stri
157 2481 246 2546 Mars
261 2483 387 2566 faverit,
405 2505 510 2547 mares
531 2505 550 2546 a
568 2483 700 2546 feminis
716 2481 803 2546 oaesi
816 2484 958 2566 victique
972 2483 1093 2549 maiore
1108 2507 1135 2549 ss
1174 2544 1177 2553 ,

81 2593 156 2633 eum
180 2571 334 2635 dedecore
358 2575 513 2654 oppetant
532 2572 581 2635 vel
606 2572 800 2637 dilabentur.
842 2569 907 2635 Ubi
925 2592 1000 2635 vero
1021 2592 1094 2635 cum

81 2660 228 2724 maribus
248 2663 374 2724 steterit
395 2662 470 2725 belii
489 2661 629 2741 fortuna,
653 2660 803 2744 pudenda
820 2680 872 2722 res
892 2663 951 2739 est,
970 2660 998 2720 si
1017 2659 1094 2742 quid

79 2747 134 2811 hio
155 2769 248 2813 sexus
269 2752 428 2833 superatis
448 2749 577 2813 feminis
597 2749 763 2832 glorietur.
796 2745 885 2811 Haec
904 2746 966 2810 tibi
984 2746 1094 2828 igitur,

79 2858 147 2918 rex,
170 2859 328 2920 responsa
351 2839 389 2901 de
413 2839 508 2902 nobis
532 2842 617 2919 sunt,
641 2858 776 2919 quarum
802 2836 829 2898 si
849 2834 998 2898 fiduciam
1023 2857 1095 2917 pro-

80 2926 149 3007 bas,
174 2927 365 3010 obsequium
395 2927 495 2990 etiam
523 2946 589 2990 non
618 2926 845 3008 aspernabere,
874 2923 1032 3006 siquidem
1060 2932 1134 2991 teao

172 3135 280 3188 linter
299 3152 332 3188 ex
350 3150 483 3202 superser.
504 3133 550 3188 vel
567 3133 637 3188 haec
656 3133 691 3187 A.
720 3131 794 3188 inter
813 3147 847 3186 ex
866 3132 898 3189 P.
968 3133 1093 3202 tpactis

80 3206 110 3259 et
130 3204 202 3273 legis
222 3205 257 3261 A.
318 3206 434 3260 Asuant
451 3205 487 3259 A.
517 3206 587 3258 fiant
605 3204 638 3259 P.
676 3205 774 3259 eadem
793 3207 828 3259 A.
890 3209 922 3259 17
942 3205 1038 3258 functe
1059 3205 1092 3258 P.

78 3276 170 3330 functi
180 3277 216 3330 A.
237 3276 324 3330 divini
332 3279 440 3346 scripsi.
461 3274 573 3330 divinae
586 3276 619 3330 P.
635 3292 685 3331 om.
696 3275 731 3330 A.
771 3283 802 3332 18
817 3276 976 3330 iunctarum
985 3277 1093 3343 scripsi.

78 3346 240 3401 functorum
250 3348 323 3404 AP.
365 3355 396 3402 19
413 3346 560 3415 Ceteroqui
572 3348 680 3415 scripsi.
705 3345 890 3415 Getarumque
900 3346 936 3400 A.
945 3345 978 3400 P.
1004 3361 1094 3414 neque

79 3435 178 3472 aurum
195 3424 238 3474 est
252 3419 284 3473 P.
312 3417 409 3473 nisisi
429 3417 598 3487 quidsitP.
636 3424 670 3473 22
690 3433 874 3486 quaecunque
889 3419 924 3471 A.
962 3415 1097 3492 saeuius

79 3489 151 3544 Mai.
180 3491 313 3558 cuiusque
332 3491 406 3545 AP.
481 3496 516 3543 24
535 3491 633 3545 auctor
654 3489 688 3545 P.
714 3490 795 3544 actor
818 3490 856 3542 A.
922 3492 964 3538 us
982 3483 1124 3535 eaeor.

79 3562 156 3614 caeci
173 3561 209 3616 A.
283 3567 318 3616 30
336 3578 520 3632 aspernarere
544 3564 578 3620 P.
