2414 3826
144 192 209 258 194
261 190 441 247 EPISTOLA
458 190 674 246 ALEXANDBI
693 189 743 243 AD
762 188 1032 247 ARISTOTELEM.

143 355 297 438 silvisque
320 375 358 418 ae
380 353 546 418 montibus
565 353 768 431 habitabant,
790 374 959 418 nemorum
984 356 1043 418 aut
1067 375 1156 419 saxo·

142 466 213 508 rum
245 441 378 506 latebris
410 442 581 506 occultata.
632 440 696 507 Sed
727 462 804 526 ego,
836 445 874 505 ut
902 442 1086 525 fugientem
1120 464 1158 507 ex

141 531 267 616 proelio
297 550 408 615 regem
430 528 549 595 Porum
575 531 716 615 primum
743 531 951 614 adsequerer,
983 533 1158 615 antequam

142 621 176 683 in
206 619 351 684 desertas
384 618 473 683 orbis
504 622 664 684 terrarum
697 619 802 683 abiret
833 618 1042 703 solitudines,
1074 640 1158 684 com-

116 708 301 792 spendiosa
324 729 420 791 quam
438 710 512 771 tuta
534 708 653 772 itinere
675 708 781 793 magis
805 707 925 792 eligere
947 707 1059 772 malui.
1096 707 1159 772 Ao

143 796 246 880 ceptis
268 796 370 882 igitur
394 799 523 860 centum
547 797 784 881 quinquaginta
807 795 952 878 ducibus,
975 795 1032 880 qui
1054 795 1158 861 brevi·

142 889 228 950 tates
251 885 403 950 itinerum
421 888 588 967 noverant,
611 906 721 949 mense
740 884 891 968 Augusto
915 905 974 967 per
994 884 1158 950 ferventes

143 975 213 1040 sole
236 973 374 1038 harenas
403 977 436 1038 et
459 974 590 1057 egentia
613 973 759 1039 humoris
787 972 860 1037 loca
881 972 1048 1054 profectus
1077 995 1158 1058 sum,

142 1062 308 1148 pollicitus
331 1061 382 1126 his
406 1061 562 1147 praemia,
585 1063 641 1146 qui
663 1083 724 1127 nos
747 1061 844 1144 periti
866 1059 1041 1144 regionum
1064 1061 1155 1126 duce

103 1172 128 1211 10
142 1151 223 1216 bant
245 1152 280 1215 iu
304 1151 417 1236 ignota
439 1148 552 1214 Indiae
573 1150 660 1234 loca,
688 1151 717 1214 si
743 1170 795 1213 me
823 1149 977 1213 incolumi
1006 1170 1081 1214 cum
1110 1171 1158 1214 ex·

142 1241 244 1306 ercitu
271 1240 306 1303 in
330 1238 521 1303 Bactriacen
549 1238 776 1321 perduxissent
801 1237 931 1323 penitus
957 1237 998 1302 ad
1028 1238 1156 1302 abditos

143 1327 246 1411 Seres,
265 1327 351 1410 quod
367 1347 470 1410 genus
489 1327 657 1391 hominum
676 1327 764 1391 foliis
784 1325 937 1390 arborum
956 1325 1156 1410 decerpendo

142 1415 329 1499 lanuginem
358 1436 396 1478 ex
425 1414 566 1479 silvestri
593 1416 711 1480 vellere
738 1419 845 1479 vestes
876 1413 1042 1479 detexunt.
1096 1413 1156 1481 Sed

142 1504 192 1567 illi
210 1503 365 1567 maiorem
384 1502 472 1566 hosti
495 1526 592 1588 quam
611 1504 691 1568 mihi
709 1503 856 1568 favorem
875 1503 1156 1568 accommodantes

105 1614 130 1654 15
144 1591 298 1676 perficere
320 1592 514 1676 pergebant,
541 1596 578 1657 ut
605 1615 665 1658 nos
693 1593 728 1656 in
755 1591 934 1656 exitiabilia
958 1593 1157 1676 serpentium

145 1685 178 1745 et
200 1680 314 1745 rabida
337 1679 507 1746 beluarum
526 1680 729 1765 ferarumque
753 1701 875 1765 genera
895 1680 1028 1765 ignaros
1053 1681 1155 1767 regio·

143 1791 222 1833 num
249 1769 451 1852 inducerent,
482 1769 566 1853 quod
595 1770 669 1834 illos
699 1769 900 1854 excogitasse
928 1790 967 1833 ex
993 1769 1077 1852 ipsis
1107 1790 1156 1833 ex·

142 1857 332 1944 perimentis
354 1856 496 1942 patebat.
543 1858 627 1923 Tum
654 1878 715 1942 ego
738 1879 872 1923 cernens
901 1879 940 1921 ex
968 1879 1045 1922 mea
1066 1862 1156 1940 parte

142 1947 175 2012 id
199 1947 369 2030 accidisse,
397 1947 452 2030 qui
480 1946 575 2011 utilia
603 1947 739 2011 consilia
767 1967 950 2029 spreveram
979 1947 1157 2011 amicorum

102 2059 128 2100 ao
142 2037 266 2120 pariter
284 2039 317 2101 et
336 2033 530 2119 Caspiorum
547 2035 725 2120 hominum,
744 2036 800 2119 qui
819 2034 1050 2118 praedixerant
1068 2034 1157 2117 mihi,

141 2146 182 2189 ne
209 2124 257 2188 ita
284 2123 473 2188 festinarem
496 2124 637 2208 vincere,
664 2145 705 2189 ne
734 2123 814 2188 mihi
842 2123 908 2188 ullo
936 2123 1034 2188 modo
1060 2124 1155 2188 inter·

141 2212 293 2277 veniente
321 2211 495 2277 adimenda
523 2216 609 2278 esset
630 2212 784 2296 victoria,
811 2211 970 2295 imperavi
997 2212 1156 2276 militibus

142 2300 222 2363 meis
253 2300 419 2383 omnibus,
451 2303 488 2364 ut
520 2300 617 2365 armis
650 2300 757 2365 induti
788 2320 906 2384 agmen
936 2305 1156 2385 sequerentur,

141 2390 309 2471 praeterea
337 2408 409 2452 eum
439 2390 508 2453 auri
537 2411 576 2454 ex
604 2389 721 2472 rapina
748 2389 1066 2473 margaritarumque
1091 2410 1156 2453 non

101 2499 128 2539 25
141 2497 276 2559 parvam
297 2475 451 2558 praedam
474 2478 630 2543 veherent
653 2481 686 2541 et
707 2477 887 2542 timendum
911 2481 1010 2561 esset,
1040 2499 1082 2542 ne
1106 2498 1156 2542 oo·

142 2564 230 2628 culto
254 2564 366 2630 hostes
392 2587 450 2630 sua
475 2567 616 2631 ablaturi
638 2566 815 2631 victoribus
837 2566 1077 2631 insidiarentur.
1113 2564 1157 2630 Et

142 2675 219 2719 sane
242 2652 335 2718 miles
359 2654 406 2717 ita
429 2656 570 2739 locuples
595 2658 673 2739 eret,
696 2659 734 2720 ut
756 2655 809 2719 vix
833 2655 915 2719 ferre
938 2653 1067 2736 pondus
1087 2653 1156 2718 auri

141 2746 262 2827 posset.
309 2743 492 2808 Accedebat
520 2765 646 2828 quoque
676 2764 841 2808 armorum
868 2765 934 2807 non
958 2764 1063 2826 parve
1086 2763 1156 2828 gre-

232 2993 246 3040 1
266 2988 315 3042 aut
334 2988 476 3059 saxorum]
497 3003 681 3056 saxorumque
699 2987 739 3042 H.
785 2994 803 3041 4
822 2987 913 3041 abiret
925 2986 966 3042 H.
991 2985 1107 3042 habites
1120 2988 1154 3042 L.

141 3055 247 3111 abirem
267 3063 313 3113 cet.
347 3058 546 3127 compendiosa
564 3059 601 3112 H.
630 3063 689 3114 tam
713 3058 911 3128 compendiosa
929 3063 975 3113 cet.
1062 3063 1094 3113 10
1113 3057 1153 3128 in]

140 3143 190 3197 per
208 3128 246 3182 H.
291 3127 459 3182 incolumem
478 3129 512 3184 G.
520 3129 548 3184 0.
604 3135 637 3182 11
656 3129 823 3199 penitusque
841 3133 964 3184 remotas
987 3128 1023 3184 ad
1043 3129 1154 3184 abditos

141 3214 215 3253 seres
235 3214 305 3268 quae
325 3216 393 3268 gens
411 3199 450 3253 H.
494 3205 526 3253 12
547 3200 691 3254 hominum
709 3201 744 3255 P.
770 3217 820 3255 om.
839 3206 886 3256 oet.
931 3204 964 3253 15
984 3200 1095 3255 efficere
1115 3199 1152 3253 H.

141 3274 174 3323 16
193 3270 314 3324 ferarum
333 3270 479 3325 beluarum
493 3270 532 3324 H.
560 3272 672 3340 ignotos
685 3271 723 3325 H.
769 3276 801 3326 lt
821 3286 892 3340 quae
906 3270 946 3324 H.
977 3272 1152 3340 excogitasse

142 3340 208 3395 ΟΡ.
235 3341 374 3409 cogitasse
393 3346 440 3397 cet.
514 3348 548 3395 20
565 3342 766 3410 praedixerunt
784 3362 813 3397 ω,
887 3347 919 3396 21
939 3344 972 3396 ut
989 3343 1070 3397 nullo
1089 3341 1153 3397 dolo

139 3410 343 3466 interveniente
358 3411 428 3465 mihi
443 3411 578 3482 adempta
593 3414 666 3467 esset
676 3414 714 3466 H.
760 3420 794 3468 24
812 3414 958 3482 praetcrea
971 3413 1105 3481 quoniam
1115 3412 1152 3466 H.

129 3482 282 3549 praetereo
303 3481 350 3552 qui
361 3484 398 3540 B.
406 3483 437 3539 V.
482 3489 516 3540 25
536 3487 566 3539 et
579 3500 630 3541 ocu.
640 3484 680 3539 H.
689 3484 722 3539 P.
747 3485 858 3539 occulto
868 3483 983 3541 L.B.V.
1004 3484 1108 3540 occulti
1119 3482 1152 3538 G.

123 3553 238 3609 occulte
258 3555 379 3612 affl
457 3564 491 3614 2⁵1
511 3556 711 3627 locupletatus
728 3555 769 3608 H.
