2414 3826
395 183 518 252 DRTUS
536 182 761 240 ALEXANDRI.
1039 186 1082 251 27

68 347 158 411 tutis.
192 346 275 410 Tum
293 346 395 430 igitur
408 347 584 430 pauculum
598 346 747 412 barbaris
765 347 906 413 indidem
923 348 1082 433 separatis

67 434 154 498 ferre
176 456 197 498 a
219 456 254 498 se
277 433 432 499 mandata
455 434 495 498 ad
518 433 654 500 Darium
682 436 786 502 iubet:
813 435 895 502 haec
922 439 985 503 sibi
1007 438 1082 503 Ale-

66 523 227 588 xandrum
255 523 407 588 nuntiare
434 523 486 593 vel
516 523 634 589 dicere:
663 525 742 589 boni
771 528 953 592 consuleret
981 531 1014 592 et
1041 526 1082 592 ab

65 613 129 676 hac
161 611 293 696 petendi
326 612 556 677 consuetudine
589 616 800 699 temperaret3
833 616 953 700 quippe
986 638 1082 700 quem

64 701 135 784 ipse
165 721 291 765 morem
319 701 467 784 petendis
495 702 642 784 pecuniis
671 702 857 787 indixisset,
886 704 971 770 hunc
1000 727 1019 769 a
1048 726 1108 770 seu

65 789 216 873 protinus
240 793 390 853 exactum
414 789 464 873 iri,
486 811 615 873 unaque
639 813 713 856 cum
735 791 799 877 his,
822 813 904 875 quae
924 796 1000 858 ante
1019 793 1082 858 dis-

64 899 169 962 pensa
193 877 269 961 sint,
291 877 425 961 propria
448 899 584 962 quoque,
608 900 691 962 quae
715 879 781 944 sint
801 880 917 965 Persis,
940 882 1081 946 Alexan-

64 966 161 1031 drum
184 967 371 1049 petiturum.
415 963 497 1031 Oum
514 967 566 1031 his
591 966 686 1031 dictis
711 969 811 1052 exigit
834 968 983 1033 homiues
1007 992 1080 1053 pro·

64 1055 166 1119 ficisci
179 1077 220 1119 ne
233 1056 418 1118 litterarum
429 1054 559 1137 quidem
574 1075 684 1138 regem
698 1057 910 1138 responsione
921 1057 1081 1141 dignatus.

62 1144 116 1208 Ad
127 1145 212 1208 hanc
224 1143 324 1208 animi
339 1143 406 1206 eius
417 1143 694 1229 magnificentiam
704 1143 875 1228 Philippus
886 1146 1080 1230 erigebatur,
1094 1167 1120 1208 ro

63 1232 152 1317 quod
167 1233 246 1297 adeo
261 1231 476 1296 confidentem
496 1235 529 1295 et
547 1232 745 1315 intrepidum
760 1255 834 1297 eum
847 1238 984 1301 naturae
1004 1257 1080 1299 suae

61 1320 151 1386 hona
179 1321 327 1386 adserere
355 1320 543 1384 intueretur.
595 1320 702 1405 Igitur
732 1343 804 1386 cum
832 1323 938 1388 vicina
968 1345 1079 1390 rursus

63 1409 179 1475 civitas
211 1410 249 1473 de
281 1409 436 1492 obsequio
467 1408 651 1493 vacillaret,
683 1411 779 1475 datur
808 1410 992 1477 Alexandro
1026 1434 1078 1477 ex·

62 1498 196 1582 peditio.
242 1496 427 1581 Pergitque,
450 1519 512 1580 quo
537 1497 661 1561 iussum
685 1503 744 1563 est.
1093 1521 1120 1561 14

156 1584 214 1652 17.
228 1586 404 1651 Enimvero
419 1586 543 1651 interea
552 1585 732 1652 Pausanias
743 1588 875 1671 quidam
883 1590 1025 1672 nomine,
1043 1593 1145 1651 XXIV.

55 1687 136 1740 'cum
165 1675 287 1740 divitiis
318 1675 462 1739 adfluens
490 1679 561 1739 tum
590 1677 705 1760 opibus
734 1682 864 1758 potens,
892 1699 930 1742 ex
958 1678 1078 1761 oppido
1097 1679 1142 1730 10.

61 1764 315 1829 Thessalonicae
338 1763 467 1841 nobilis,
490 1763 525 1826 in
548 1761 750 1847 Olympiadis
774 1765 968 1831 desiderium
991 1787 1079 1830 amo·

60 1875 196 1937 remque
220 1852 327 1917 animo
351 1851 524 1936 prolapsus
548 1857 607 1917 est.
649 1853 808 1928 Quicum
831 1876 889 1938 per
911 1855 1079 1918 internun-

60 1943 127 2007 tios
156 1941 406 2024 adtemptasset,
437 1940 552 2025 ecquid
579 1941 695 2005 mulier
722 1943 921 2006 consentiret
950 1942 1078 2007 deserto

60 2029 215 2114 Philippo
235 2030 276 2094 ad
300 2051 370 2094 sese
389 2029 613 2112 transnubere,
635 2049 738 2111 neque
757 2030 790 2094 id
809 2030 839 2093 ei
858 2051 897 2093 ex
917 2030 1119 2094 sententiaro

59 2119 276 2204 provenisset,
295 2118 497 2202 comperiens
517 2117 619 2182 filium
634 2116 788 2201 Philippi,
807 2118 897 2183 cuius
918 2117 998 2182 adeo
1013 2118 1078 2183 for·

60 2207 258 2273 midolosum
277 2207 311 2271 in
330 2228 441 2272 omnes
462 2205 593 2270 adcolas
613 2210 683 2270 erat
701 2227 829 2291 nomen,
849 2228 984 2293 peregre
1003 2230 1078 2291 pro-

59 2297 184 2363 fectum
216 2299 441 2378 certamenque
473 2295 634 2377 thymelae
667 2299 744 2360 tunc
780 2296 835 2381 agi
872 2318 891 2361 a
922 2295 1077 2381 Philippo

60 2384 283 2470 praesidente,
310 2388 444 2467 repente
469 2383 624 2449 satellitio
648 2385 788 2468 stipatus
813 2385 935 2451 strictis
960 2386 1077 2471 gladiis

60 2474 228 2539 theatrum
251 2472 352 2536 inruit
370 2471 623 2556 Philippumque
646 2474 777 2537 vulnere
800 2475 976 2557 praevenit
1014 2474 1077 2550 Qui
1091 2495 1117 2538 rs

61 2584 135 2627 cum
160 2562 257 2628 altius
281 2565 314 2625 et
335 2562 480 2626 letaliter
501 2562 586 2625 ictus
610 2565 704 2644 esset,
726 2562 827 2627 veluti
850 2563 956 2627 caedis
983 2563 1078 2627 abso·

61 2652 187 2716 lutione
208 2672 338 2717 securus
359 2649 400 2715 ad
414 2650 536 2734 regiam
552 2648 730 2714 Pausanias
744 2653 920 2733 properato
934 2650 1077 2732 festinat,

64 2745 161 2824 raptu
180 2740 305 2805 scilicet
322 2738 525 2822 Olympiadis
544 2738 704 2802 desiderio
723 2739 939 2803 consulturus.
972 2738 1078 2824 Igitur
1095 2752 1139 2802 11.

153 2915 338 2983 lpauculum
364 2913 395 2965 T.
432 2912 580 2983 paululum
602 2912 638 2968 A.
646 2911 680 2966 P.
717 2910 866 2980 parvulum
889 2910 1017 2967 barbaris
1040 2911 1077 2966 ir·

62 2983 155 3040 ridere
178 2983 285 3053 paratis
310 2985 405 3054 Geyer.
492 2988 508 3037 5
530 2982 687 3037 induxisset
708 2989 736 3037 T.
773 2999 843 3037 ase
867 2983 903 3037 A.
931 2983 967 3038 ad
991 2998 1020 3038 se
1044 2984 1076 3038 P.

63 3057 201 3111 texaotu
220 3055 256 3109 iri
276 3055 311 3110 P.
346 3055 469 3124 depensa
486 3055 519 3109 P.
598 3059 631 3107 10
650 3054 723 3109 hano
741 3070 791 3109 om.
811 3053 886 3109 AP.
960 3058 994 3108 14
1014 3054 1077 3108 Per-

62 3127 163 3198 gitque
190 3132 217 3182 T.
281 3124 376 3196 pergit
403 3126 438 3181 A.
499 3124 581 3195 pergi
608 3141 719 3194 quoque
746 3125 854 3179 iussum
882 3127 926 3180 est
953 3125 1077 3194 Rapa.

60 3199 153 3253 iussus
172 3199 208 3252 A.

151 3269 199 3324 17.
234 3273 267 3322 16
296 3284 360 3322 oum
386 3274 414 3322 T.
454 3269 517 3322 tum
544 3267 619 3322 A.P.
664 3266 772 3321 deliciis
798 3267 947 3337 Epitomoe
973 3267 1078 3323 codices

59 3341 190 3395 meliores.
210 3339 246 3394 A.
280 3338 380 3408 opibus
399 3356 449 3395 om.
469 3345 497 3393 T.
569 3343 602 3392 19
622 3337 723 3406 ecquid
741 3343 768 3392 T.
797 3337 912 3407 etquid
931 3338 963 3393 P.
993 3340 1022 3392 et
1040 3339 1076 3394 A.

60 3411 249 3478 consentiret,
276 3412 309 3464 ut
325 3441 356 3450 —
371 3410 568 3465 transnuberet
594 3410 629 3464 A.
710 3414 744 3464 20
772 3424 862 3478 neque
890 3408 920 3463 id
948 3409 981 3463 P.
989 3410 1077 3465 Mau.

60 3482 147 3552 idque
166 3482 202 3537 A.
236 3481 327 3535 sentia
344 3482 380 3536 A.
450 3487 484 3537 25
503 3481 619 3538 vulnere
636 3478 879 3555 praecanitur..
905 3480 1092 3549 tumemu-

57 3568 111 3618 que
132 3551 259 3606 vulnerat
277 3551 311 3608 P.
388 3559 424 3611 28
442 3555 553 3630 raptim
576 3556 610 3617 P.
