2414 3826
395 164 514 221 ORTUS
532 162 754 221 ALEXANDRI.
1035 166 1078 230 47

65 330 144 394 tatis
168 331 309 414 pergunt
332 329 460 414 exigere
486 328 671 409 tormentis,
699 329 850 412 quisnam
874 350 985 393 corum
1009 329 1078 411 ipse

65 417 250 484 Alexander
273 415 366 481 foret.
413 415 475 479 Sed
499 415 537 480 de
560 416 631 499 hoc,
654 418 691 479 ut
713 438 765 480 res
789 422 869 501 crat,
891 418 1077 502 negitantes

64 506 214 572 crucibus
238 505 388 570 adfixere.
433 503 495 568 His
524 504 626 588 igitur
652 505 823 570 incentivis
853 507 1077 571 exstimulatus
1123 495 1129 509 ³

63 594 251 660 Alexander
264 593 484 676 inruptionem
500 593 611 677 oppidi
630 595 735 658 acrius
756 594 904 680 agitabat
920 598 953 658 et
967 616 1078 660 rursus

62 686 96 749 in
117 683 243 748 somnio
264 681 415 765 Satyrum
435 682 642 765 conspicatur
665 704 769 748 assem
795 683 857 748 sibi
876 687 985 767 tyrum
1004 702 1105 766 por-s

62 775 225 857 rigentem
252 792 387 854 eumque
410 772 590 855 projectum
618 792 688 836 sese
718 771 856 854 pedibus
880 772 1078 855 protrivisse.

63 861 157 938 Quod
190 860 422 944 interpretibus
454 860 541 924 haud
574 859 704 924 difficile
736 860 769 925 in
803 860 973 925 enodando
1007 861 1077 926 fuit.

63 950 185 1034 Tyrum
220 949 306 1013 enim
338 949 461 1031 proteri
493 970 569 1012 mox
600 947 736 1031 pedibus
769 948 890 1013 habere
922 948 1077 1032 principis

63 1039 268 1123 respondere.
314 1036 364 1103 Ex
388 1059 450 1121 quo
480 1037 547 1102 sive
576 1036 743 1102 admonitu
772 1039 840 1103 sive
864 1039 990 1120 impetu
1019 1058 1077 1101 suo

64 1128 238 1213 adgressus
254 1126 405 1210 oppidum
423 1126 645 1190 vehementius
663 1125 751 1210 capit
764 1125 888 1209 pariter
907 1146 944 1189 ac
959 1128 1078 1209 vastat,
1091 1146 1118 1186 10

63 1217 236 1281 indiscrete
254 1215 336 1280 satis
356 1215 496 1279 sexubus
517 1218 549 1278 et
568 1214 729 1279 aetatibus
750 1214 963 1298 interemptis.
1000 1213 1078 1278 Tres

62 1327 139 1370 vero
164 1305 265 1388 vicos,
291 1325 429 1386 quorum
452 1325 536 1369 navo
561 1303 681 1368 auxilio
706 1304 746 1369 ad
771 1325 902 1388 operam
926 1302 1076 1368 bellicam

62 1416 141 1459 usus
166 1397 247 1479 erat,
276 1394 316 1458 ad
339 1393 597 1477 magnitudinem
624 1392 872 1478 confrequentat
894 1393 985 1457 urbis
1009 1392 1077 1456 Tri-

61 1483 229 1568 polimque
253 1482 411 1565 appellari
433 1482 533 1546 iubet.
1091 1494 1117 1532 n

154 1570 212 1636 37.
236 1569 343 1654 Tyriis
363 1591 440 1656 ergo
460 1573 626 1655 satrapam
645 1570 792 1654 praeficit
811 1575 908 1655 atque
926 1570 1000 1635 inde
1023 1575 1150 1632 XXXVI.

64 1659 194 1745 Syriam
217 1679 356 1744 pergens
386 1659 502 1743 accipit
524 1660 651 1724 litteras
675 1659 768 1724 Darii
791 1659 909 1724 Persae
937 1660 970 1724 in
993 1660 1077 1724 hanc
1095 1662 1142 1714 42.

65 1749 263 1814 sententiam
296 1749 451 1833 scriptas:
489 1747 576 1812 ‘Rex
608 1768 722 1832 regum
755 1752 788 1813 et
819 1748 1078 1832 consanguineus

64 1838 198 1905 deorum
221 1858 454 1920 consessorque
478 1837 528 1901 dei
552 1835 692 1902 Mithrae
720 1858 847 1920 unaque
874 1837 979 1900 oriens
1004 1858 1077 1901 cum

64 1928 134 1992 sole
157 1925 276 1991 Darius
304 1927 376 2008 ipse
400 1925 587 1990 Alexandro
615 1925 738 1990 famulo
767 1946 838 1989 meo
867 1925 962 1988 iubeo
992 1925 1076 1988 dico-

63 2037 125 2100 que
151 2015 245 2079 haec
284 2013 405 2079 Mando
433 2015 495 2078 tibi
522 2015 639 2078 reverti
668 2014 708 2077 ad
736 2017 886 2096 parentes
915 2015 1003 2094 tuos,
1029 2013 1118 2076 fau

63 2105 170 2168 mulos
195 2103 319 2168 scilicet
341 2125 445 2181 meos,
472 2105 568 2185 atque
591 2101 659 2166 illic
681 2103 715 2165 in
739 2101 864 2184 gremio
887 2099 1001 2164 matris
1026 2121 1076 2164 cu·

40 2256 45 2262 .
63 2193 197 2257 bantem
214 2191 323 2256 doceri
343 2191 436 2257 virile
456 2190 609 2256 officium.
643 2188 695 2255 Ad
714 2211 811 2274 quarn
831 2211 899 2253 rem
917 2189 1077 2254 habenam

64 2280 249 2364 Scythicam
271 2280 334 2344 tibi
361 2284 396 2345 et
424 2281 522 2365 pilam
547 2279 734 2364 loculosque
761 2300 833 2343 cum
858 2279 963 2344 aureis
987 2278 1077 2343 misi:

64 2391 201 2455 quorum
233 2369 362 2434 habena
394 2369 547 2434 admonet
578 2372 610 2433 te
643 2369 833 2454 disciplinae
864 2369 963 2434 videri
995 2367 1076 2432 indi·

63 2463 203 2543 gentem,
225 2458 291 2541 pila
315 2480 400 2540 vero,
427 2458 513 2543 quod
537 2458 605 2522 eius
629 2463 789 2544 congruat
811 2480 885 2526 cum
907 2462 964 2523 tua
988 2462 1076 2522 aeta·
1090 2481 1117 2522 a

62 2547 132 2611 tula
155 2547 321 2630 lusitatio‚
348 2569 423 2626 nopy
441 2547 521 2611 haec
549 2568 661 2632 opera,
689 2570 785 2632 quam
811 2547 1077 2612 latrocinantium

62 2638 129 2700 ritu
148 2657 221 2701 cum
247 2635 312 2699 tuis
336 2624 497 2701 similibus
521 2657 555 2701 cs
580 2636 761 2721 adgressus.
802 2634 915 2719 Neque
940 2635 1025 2698 enim
1049 2636 1078 2699 si

62 2745 157 2789 omne
190 2723 348 2788 eiusmodi
376 2724 544 2789 hominum
573 2745 674 2810 genus
704 2724 744 2788 ad
771 2726 804 2787 te
831 2723 903 2806 pari
930 2723 1076 2807 despera-

150 2897 378 2968 inegitantibua
389 2898 423 2953 P.
461 2899 526 2952 bin
544 2896 648 2953 somnis
661 2898 760 2952 Ebcrb.
789 2898 914 2951 saturum
928 2897 963 2951 A.
985 2897 1075 2951 satur·

59 2987 128 3025 num
148 2971 206 3028 Pat-
219 2986 311 3025 assem
331 2970 385 3023 sibi
404 2970 489 3038 τυροῦ
508 2968 697 3039 porrigentem
716 2969 789 3023 Mai.
821 2984 911 3022 assem
934 2967 988 3022 sibi
1010 2984 1075 3037 por·
1174 3035 1181 3047 .

59 3041 254 3180 ligiiiiffaii
263 3057 395 3167 diiiiii
409 3039 468 3166 ilbi
485 3058 562 3168 pitis
578 3040 687 3165 iiiiii
696 3111 722 3164 A
738 3037 1076 3166 gaqepgmqffipaqq3

59 3131 140 3240 disci
154 3200 220 3239 mox
233 3183 351 3253 pedibus
365 3183 419 3238 teri
433 3128 569 3254 priiicipis
582 3155 751 3253 respondere
765 3129 959 3253 liutdrpretes]
972 3127 1075 3234 moira.

62 3261 93 3311 11
114 3253 264 3338 indiscrete
275 3254 347 3312 Mai.
367 3254 519 3310 indiscreta
528 3256 563 3311 A.
573 3254 605 3309 P.
665 3260 698 3308 12
717 3253 902 3309 navoEberb.
922 3251 986 3306 navi
997 3251 1032 3305 A.
1041 3249 1076 3304 P.

61 3332 94 3382 13
114 3326 391 3466 urqqqmlg.pergens
405 3395 480 3451 ΑΡ.
504 3397 603 3464 petens
622 3396 723 3451 Eberlc.
763 3401 795 3450 18
815 3409 1020 3460 concensorque
1040 3392 1076 3446 A.

60 3474 94 3523 22
114 3467 159 3522 Ad
178 3469 251 3522 hanc
269 3485 328 3522 rem
349 3468 383 3522 P.
425 3472 459 3521 27
478 3467 560 3522 verbu
579 3466 852 3523 ‘ritu-hominum
878 3466 982 3520 caua
996 3465 1035 3516 tu
1050 3464 1096 3513 Y.

61 3543 96 3592 aa
117 3537 310 3606 desperatione
328 3539 361 3594 P.
392 3536 607 3612 conspiratione
629 3558 703 3601 corr.
721 3559 757 3600 cc
775 3535 980 3610 deauratione
1002 3533 1041 3584 h.
