2414 3826
329 180 445 237 PRIMA
464 180 668 238 RESPONSIO
688 181 844 237 DINDIMI.
1031 180 1092 245 181

83 344 234 427 exegerit,
258 366 427 409 commune
451 344 513 409 sibi
531 345 681 429 pulvinar
702 346 821 430 offerri,
844 345 900 409 sed
923 343 1093 428 unusquis-

80 455 143 517 que
167 434 244 497 deus
264 432 414 517 proprios
433 433 582 499 flamines
602 438 635 498 et
653 437 740 498 sorte
765 433 828 499 sibi
847 434 957 498 datum
977 453 1093 498 munus

80 521 277 607 assequitur,
305 522 334 585 si
357 525 468 586 tamen
491 521 537 586 dii
561 522 746 606 appellandi
770 525 860 600 sunt,
888 521 1007 606 quibus
1036 543 1094 606 po-

79 613 181 675 testas
205 611 269 675 nisi
293 611 327 674 in
347 610 443 675 certis
468 610 599 675 sibimet
618 611 789 676 offerendis
809 610 1004 676 animalibus
1027 630 1117 675 non·

80 702 131 764 est
154 699 239 763 data.
286 698 395 783 Digna
417 701 495 763 vota
518 701 569 763 vel
591 700 700 783 potius
730 700 828 784 digna
855 701 1018 764 tormenta
1041 719 1122 764 ves

44 836 45 841 η
80 788 157 852 stris
182 788 344 852 erroribus
369 787 540 852 exhibetis.
586 787 634 852 Re
658 787 744 853 enim
767 810 845 854 vera
867 809 933 852 non
956 788 1095 872 opitula-

79 881 167 940 tores
201 877 293 960 deos,
327 876 382 940 sed
413 876 581 941 carnifices
613 877 800 942 teterrimos
830 877 1006 959 invocatis,
1038 877 1095 961 qui

78 965 203 1030 viscera
222 968 331 1029 vestra
350 965 585 1048 suppliciorum
600 965 787 1030 diversitate
806 965 999 1048 discerpant.
1030 963 1095 1030 Ne·

79 1075 169 1118 cesse
198 1058 248 1117 est
276 1053 362 1117 enim
390 1055 424 1117 in
452 1075 587 1136 corpore
610 1057 718 1118 vestro
746 1057 797 1119 tot
824 1075 948 1138 poenas
976 1053 1095 1118 eonsti-

78 1145 168 1207 tutas
192 1163 272 1224 esse,
296 1146 376 1226 quot
394 1141 438 1205 dii
462 1146 547 1224 sunt,
570 1143 646 1207 dum
665 1142 784 1226 singuli
808 1143 875 1207 suis
894 1164 953 1207 vos
973 1145 1095 1226 cogunt
1109 1165 1135 1205 ro
1169 1184 1173 1189 -

80 1231 236 1296 inservire
255 1230 415 1295 ludibriis.
452 1229 544 1296 Unus
568 1231 671 1296 trahit
694 1234 735 1296 ad
758 1231 890 1316 bellum,
913 1230 997 1295 alter
1020 1251 1094 1294 eun-

80 1320 153 1384 dem
185 1320 274 1383 ducit
304 1319 344 1383 ad
375 1320 502 1404 luxum,
535 1320 591 1384 ille
621 1320 767 1385 lucrandi
800 1341 914 1385 causas
943 1319 1096 1384 hortatur

79 1408 210 1492 inquiri,
232 1408 287 1472 hic
310 1408 507 1472 desiderium
526 1410 674 1493 suggerit
694 1410 855 1494 epulandi.
891 1407 1011 1473 Omnes
1035 1408 1095 1470 im-

79 1501 205 1581 perant,
229 1497 371 1580 exigunt,
395 1502 522 1581 urgent,
545 1498 688 1581 spatium
708 1497 894 1583 quiescendi
913 1497 1023 1561 nullus
1046 1496 1094 1560 in·

79 1586 202 1669 dulget,
221 1589 253 1649 et
271 1586 334 1650 hoo
348 1585 444 1650 modo
465 1585 613 1650 sensibus
629 1587 746 1651 vestris
766 1586 888 1652 latendi
908 1586 1094 1651 seductione
1109 1607 1135 1648 15

81 1675 196 1757 sopitis
215 1673 370 1738 miserum
389 1696 505 1757 corpus
525 1675 717 1740 obstrictum
741 1677 775 1740 in
798 1675 907 1740 officia
923 1696 1096 1739 numerosa

79 1764 263 1827 marcescit.
310 1762 416 1845 Atque
443 1764 490 1826 ita
517 1763 568 1845 fit,
595 1768 633 1828 ut
656 1763 816 1828 malorum
839 1767 1023 1829 vestrorum
1046 1783 1095 1826 se-

81 1851 178 1933 mina,
202 1852 277 1914 dum
301 1873 359 1935 per
383 1851 564 1915 socordiam
586 1873 652 1917 non
674 1852 792 1918 valetis
816 1852 956 1934 abicere,
980 1851 1095 1915 colatis

82 1944 120 2004 ut
151 1941 293 2004 numina.
344 1939 389 2003 Et
422 1962 501 2005 sane
535 1940 635 2006 miror
667 1962 741 2024 vos,
774 1962 847 2004 cum
880 1939 952 2003 sitis
986 1938 1096 2023 cupidi

80 2050 180 2113 opum
203 2031 235 2092 et
260 2028 418 2093 avaritiae
442 2028 595 2113 studiosi,
623 2029 745 2093 frustra
773 2031 822 2092 tot
846 2027 908 2092 diis
932 2049 1002 2091 esse
1026 2048 1094 2091 mu·
1110 2051 1136 2091 so

78 2118 209 2201 nificos,
237 2119 429 2201 praesertim
453 2118 564 2183 omnia
591 2117 788 2182 exsecranda
815 2116 1015 2200 iubentibus,
1040 2115 1095 2198 qui

81 2206 108 2270 si
136 2227 194 2270 vos
224 2207 442 2270 sacrificantes
471 2205 689 2290 exaudierint,
722 2204 937 2271 conscientiae
966 2208 1095 2270 vestrae

80 2295 199 2358 damna
232 2295 440 2380 contrahitis,
477 2295 507 2359 si
540 2318 606 2360 non
640 2295 855 2378 exaudierint,
892 2293 1095 2358 facultatum.

79 2383 170 2468 Ergo
195 2384 261 2447 sive
283 2384 370 2467 irati,
394 2384 461 2448 sive
481 2385 650 2469 propitiati
669 2384 799 2468 fuerint,
823 2406 951 2467 semper
970 2387 1095 2448 nocent.

80 2470 152 2536 Hae
172 2476 248 2536 sunt
266 2473 342 2537 illae
357 2472 483 2557 Furiae,
503 2475 661 2539 scelerum
678 2474 830 2557 vindices,
849 2473 929 2537 haec
948 2473 1006 2539 illa
1024 2493 1094 2537 cru·
1109 2495 1136 2536 es

80 2561 241 2626 ciamenta
256 2561 414 2627 Tartarea
432 2567 604 2647 poetarum
623 2569 805 2628 vestrorum
825 2561 1022 2626 carminibus
1043 2562 1095 2625 de·

80 2653 222 2733 cantata,
246 2673 327 2734 quac
351 2673 408 2715 vos
432 2653 521 2716 velut
544 2653 610 2716 iam
633 2656 780 2716 mortuos
804 2655 938 2734 propter
960 2650 1095 2733 impiam

79 2738 315 2823 profanamque
339 2741 606 2824 superstitionem
630 2745 727 2824 atque
751 2741 974 2823 contemptum
998 2759 1094 2801 verae

80 2827 246 2912 religionis
272 2830 465 2892 excruciant.
512 2827 644 2891 Etenim
669 2829 696 2891 si
720 2827 868 2890 miserias
891 2830 1017 2890 vestras
1040 2847 1095 2890 vo·

80 2916 208 2979 lueritis
240 2916 398 2980 intentius
431 2916 567 2999 intueri,
600 2916 682 2980 nihil
715 2916 856 2979 inaniter
887 2916 1026 2979 relatum
1056 2914 1095 2978 de
1109 2937 1136 2977 ao

172 3131 185 3177 1
203 3123 322 3193 exigerit
330 3124 407 3180 ΡΒ.
428 3124 583 3193 exigentL.
604 3122 731 3192 exigitV.
752 3122 890 3193 exigatB.
923 3121 1051 3178 offerriV.
1059 3124 1095 3178 Β.

81 3195 179 3249 offerre
198 3201 245 3250 cet.
288 3194 476 3263 sopitulares
495 3194 530 3249 L.
573 3195 770 3266 8diserepant
788 3195 863 3251 ΒΡ.
901 3202 935 3250 12
955 3211 1040 3250 causa
1058 3196 1095 3250 Β.

81 3271 115 3321 15
134 3266 237 3322 latenti
252 3266 288 3322 R.
338 3273 370 3320 16
390 3283 490 3336 corpus
505 3283 555 3322 om.
570 3267 604 3321 L.
612 3268 644 3324 P.
674 3265 840 3322 obstrictum
855 3268 890 3322 Β.
920 3267 1096 3321 obstructum

80 3337 193 3392 L.V.R.
222 3338 325 3393 misera
343 3338 498 3393 obstructio
519 3339 552 3392 P.
610 3345 643 3394 19
662 3356 725 3392 cum
746 3339 776 3393 V.
811 3339 877 3407 quia
895 3355 959 3392 cum
977 3337 1094 3393 L.P.R.

81 3409 212 3477 quicum
230 3410 266 3464 B.
339 3415 372 3463 21
392 3409 459 3478 quia
477 3409 512 3466 R.
581 3416 615 3465 23
634 3408 748 3465 trahitis
768 3411 803 3464 Β.
873 3415 907 3463 24
925 3407 1041 3479 propitii
1058 3409 1096 3462 R.

80 3485 115 3532 25
143 3480 180 3602 hil
201 3479 244 3533 illi
272 3481 413 3537 cruciatus
441 3479 558 3536 tartarei
584 3482 621 3536 Β.
735 3487 772 3537 ‘Ab
800 3480 974 3540 decumam,
994 3477 1054 3538 aa&
1070 3476 1121 3521 Y·-

78 3556 114 3605 29
133 3566 168 3605 vo
181 3551 253 3606 ueris
270 3552 305 3607 L.
