2414 3826
134 176 198 242 130
550 172 723 228 manain.
804 221 806 225 .

131 339 253 404 tudinis
278 336 395 402 cubitis
420 336 543 418 decem3
566 356 699 420 eaeque,
722 357 786 419 quo
809 338 974 420 poterant,
998 335 1148 401 homines

132 427 289 492 involant.
336 424 428 490 Tunc
456 446 494 488 ex
521 425 638 489 iisdem
667 425 772 488 arenis
797 425 950 489 crocodili
973 426 1074 489 etiam
1098 447 1147 489 ex·

133 519 256 581 stantes
270 513 393 597 passim
412 512 570 578 invadunt
584 512 804 597 quadrupedia
822 514 985 578 militaria.
1013 512 1066 578 Ad
1086 512 1148 578 hoc

133 604 239 684 alites,
263 602 379 688 quibus
399 602 484 686 apud
502 623 562 666 nos
581 602 775 667 vocabulum
794 602 982 684 vespertilio
1008 607 1068 685 est,
1092 602 1147 666 sed

105 714 216 778 aquae
239 692 306 757 illic
328 712 425 774 super
449 692 675 756 columbarum
698 690 970 775 magnitudinem,
994 690 1146 755 dentibus

132 786 241 847 tamen
270 781 311 844 ad
338 779 475 845 humani
501 779 603 844 rictus
626 779 802 844 valentiam
826 799 940 844 saevae
969 784 1059 862 sunt,
1088 779 1145 844 cir-

132 870 316 935 cumvolare
349 890 482 951 coepere
511 873 545 934 et
576 868 755 953 quibusque
783 867 1017 933 incautioribus
1052 889 1146 933 aures

132 962 189 1024 aut
215 980 311 1023 nares
339 962 397 1023 aut
424 957 544 1043 digitos
567 978 764 1043 praesecare.
811 956 895 1020 Tum
918 957 1145 1022 rhinocoraces

131 1048 305 1132 insecutae,
330 1047 386 1112 sed
410 1068 466 1111 eae
490 1067 568 1111 1111
590 1067 695 1129 neque
720 1046 760 1109 ad
782 1046 931 1110 homines
957 1047 1147 1110 saeviebant

91 1159 118 1198 ro
132 1158 235 1221 neque
262 1137 355 1221 ignes
383 1139 505 1199 temere
534 1134 739 1199 advolabant.
791 1134 934 1200 Tandem
965 1134 1069 1220 igitur
1098 1157 1144 1198 re-

132 1227 266 1290 stitutus
290 1225 354 1289 diei
377 1224 636 1308 intelligensque,
658 1223 693 1286 in
716 1226 838 1307 quanta
861 1223 1050 1288 discrimina
1072 1245 1145 1306 pro·

94 1326 97 1330 ’
132 1315 281 1379 deremur
305 1313 347 1377 ab
370 1313 460 1377 hisce
483 1311 583 1393 Indis,
607 1312 663 1396 qui
686 1333 756 1376 sese
780 1312 938 1376 salutares
961 1312 1073 1375 itineri
1097 1311 1145 1374 fu·

131 1405 225 1466 turos
244 1423 314 1465 esse
332 1401 428 1464 nobis
443 1399 582 1484 polliciti
597 1403 700 1482 erant,
720 1422 775 1465 eos
796 1401 838 1466 ob
851 1401 975 1465 fraudis
991 1401 1145 1465 meritum

132 1490 252 1553 eisdem
277 1488 369 1573 aquis
389 1488 582 1571 praecipites
604 1489 673 1553 dari
694 1489 868 1573 necarique
888 1490 1048 1572 praecepi.
1085 1488 1144 1552 At·

91 1599 118 1639 11
133 1599 194 1662 que
219 1577 304 1642 exim
326 1577 378 1641 usi
400 1577 516 1641 itinere
534 1578 671 1642 rectiore
694 1578 826 1642 tandem
843 1578 1046 1643 restituimur
1066 1579 1147 1661 viae,

132 1687 214 1750 quae
237 1687 297 1731 nos
322 1665 362 1730 ad
384 1664 570 1730 Prusiacam
594 1669 665 1730 tuto
690 1666 869 1732 deduceret.

222 1752 280 1819 22.
317 1754 422 1838 Igitur
445 1776 518 1819 cum
542 1755 695 1839 oppidum
720 1755 881 1840 quoddam
905 1756 1041 1839 opulens
1066 1763 1185 1820 111131

131 1846 164 1908 11
192 1843 361 1908 abundans
390 1844 539 1908 omnibus
568 1843 737 1908 refectioni
764 1845 924 1908 humanae
952 1845 1144 1909 necessariis

132 1931 384 2018 advenissemus,
407 1932 599 2017 recipiendis
622 1933 745 1997 viribus
769 1933 890 1997 ibidem
914 1932 982 1997 dies
1001 1933 1145 2017 quinque

90 2044 117 2083 so
131 2023 359 2109 transegimus.
409 2022 583 2086 Enimvero
612 2043 684 2086 cum
712 2025 804 2086 11111
832 2021 896 2085 iam
923 2021 1042 2086 reditui
1070 2045 1145 2088 con·

131 2111 327 2193 suleremus,
359 2111 436 2175 talis
466 2110 561 2174 nobis
594 2109 733 2174 obicitur
764 2109 944 2176 admiratio.
996 2111 1145 2176 Primum

131 2201 260 2284 quidem
279 2200 371 2264 venti
391 2199 525 2282 spiritus
540 2198 713 2263 vehemens
734 2201 766 2262 11
785 2199 928 2281 procella
946 2199 1026 2263 adeo
1047 2222 1146 2282 supra

131 2291 319 2351 consuetam
342 2287 603 2371 magnitudinem
625 2309 727 2370 rapax
749 2293 822 2352 orta
845 2291 902 2366 est,
926 2289 1051 2352 utnon
1074 2292 1145 2352 ten-

132 2375 218 2439 toria
246 2374 341 2438 modo
366 2376 445 2439 satis
469 2375 606 2439 firmiter
629 2377 693 2440 fixa
715 2376 923 2458 convelleret,
950 2397 1062 2440 verum
1087 2377 1144 2441 ho·

91 2463 237 2526 11111111
261 2483 387 2547 quoque
411 2467 535 2528 stantes
558 2465 806 2549 gradientesque
829 2469 1056 2548 prosterneret,
1079 2466 1145 2529 nisi

131 2551 216 2635 quod
245 2554 458 2636 properanter
489 2553 624 2617 sarcinis
654 2553 776 2617 strictis
807 2555 848 2618 ad
878 2554 1001 2618 tutiora
1032 2553 1146 2637 oppidi

130 2662 367 2705 concursamus.
409 2639 584 2707 Enimvero
607 2642 682 2706 dum
703 2641 768 2705 ista
788 2642 953 2724 molimur,
976 2643 1062 2707 coire
1087 2665 1144 2706 nu-

129 2730 187 2794 bes
207 2736 239 2794 et
258 2729 417 2794 densitate
434 2730 553 2795 nimiae
573 2731 796 2795 crassitudinis
816 2732 894 2796 solis
918 2732 1028 2796 lumen
1049 2752 1144 2798 omne

131 2839 263 2902 coepere
286 2819 456 2884 subtexere
479 2820 750 2904 indiscretamque
775 2820 870 2883 nobis
892 2825 1021 2884 noctem
1045 2821 1144 2884 diem·

219 3045 364 3115 lhaeque
382 3046 415 3099 P.
449 3063 503 3114 quo
523 3046 600 3101 A.P.
620 3053 694 3114 qua?
747 3048 855 3101 2Tum
874 3047 906 3100 P.
939 3046 1049 3102 hisdem
1068 3046 1144 3100 A.P.

128 3117 280 3172 existantes
306 3116 342 3172 A.
411 3123 427 3169 3
453 3116 498 3170 Ad
522 3118 575 3173 hoc
601 3118 633 3172 P.
667 3117 759 3172 adbuc
783 3118 818 3172 A.
892 3123 907 3172 5
934 3119 1082 3172 columbae
1107 3118 1144 3171 A.

129 3193 145 3242 8
165 3188 378 3243 rinochoraches
388 3189 423 3245 A.
443 3188 613 3243 rinocerotes
622 3188 655 3242 P.
693 3188 781 3243 91111
798 3190 831 3243 P.
871 3195 903 3242 10
923 3189 1096 3243 advolabant
1109 3192 1143 3242 A.

130 3263 162 3312 12
178 3259 222 3312 his
230 3258 262 3313 P.
283 3257 419 3313 salutares
433 3258 526 3313 itineri
537 3260 609 3314 Mai.
636 3259 765 3313 salutaris
779 3258 888 3314 itineris
897 3259 970 3314 A.P.
1010 3267 1043 3313 13
1062 3258 1144 3314 nobis

128 3345 177 3386 om.
194 3330 227 3384 P.
247 3329 454 3398 pollicebantur
469 3331 503 3384 P.
551 3335 584 3384 14
603 3330 711 3385 insdem
730 3331 809 3399 aquis
830 3334 909 3399 (corr.
929 3348 962 3386 cac
980 3331 1090 3401 aequis)
1107 3332 1143 3383 A.

126 3400 251 3468 iussique
269 3399 364 3454 necari
384 3402 417 3456 P.

214 3471 264 3526 22.
287 3477 319 3526 21
340 3471 453 3526 miratio
472 3471 507 3529 P.
563 3478 597 3528 22
616 3472 730 3541 quidem
748 3473 782 3527 A.
813 3471 917 3541 quippe
939 3474 972 3526 P.
1029 3474 1146 3528 131111

115 3538 190 3594 Mac:
220 3540 325 3598 hortus
345 3545 382 3600 A.
414 3545 494 3602 ortus
516 3545 549 3602 P.
624 3552 661 3602 11
679 3543 713 3598 'ur
729 3543 871 3599 densitate
891 3544 926 3596 A.
