2414 3826
412 178 541 235 OBITUS
560 181 783 240 ALEXANDRI.
1042 188 1106 252 123

91 341 238 431 gloriae?
258 363 340 426 quae
359 341 529 407 diversitas
549 344 768 431 dignitatum?
787 347 859 432 quis
878 349 948 413 voti
967 350 1105 414 modus?

90 432 230 498 Desinet
247 430 395 513 protinus
416 431 479 495 ooli
497 436 593 516 terra,
612 435 794 501 transmitti
813 458 912 520 mare,
931 437 1105 502 desiderari

91 519 263 602 successio,
287 540 360 584 oum
382 518 442 583 illa
460 522 643 606 promptior
665 523 710 587 sit
731 527 866 590 naturae
886 525 1026 591 hominis
1051 528 1104 592 ad·

91 609 224 676 miratio
242 629 308 673 non
327 607 439 691 videri,
463 631 546 693 quae
569 614 707 690 metuas,
731 634 803 677 oum
827 614 1015 680 meminisse
1038 637 1104 681 uon

89 699 218 763 desinas
238 696 500 764 desideraturum.
537 696 670 763 Etenim
691 701 803 784 quanti
822 703 998 788 qualesque
1017 726 1103 770 meo·
1123 726 1136 768 s

88 810 161 853 rum
189 785 288 851 etiam
316 785 450 868 proeliis
479 785 643 851 cecidere?
671 789 787 873 quanti
814 812 890 856 vero
918 792 1028 876 adepti
1051 791 1103 857 de·

90 874 253 942 siderate?
307 872 383 939 Non
415 896 453 939 ex
482 874 614 939 illorum
646 877 852 944 incommodo
882 880 1103 946 condicionem

90 988 197 1049 suam,
224 963 281 1028 sed
310 983 348 1027 ex
375 963 447 1046 ipso
475 967 637 1046 proventu
658 965 894 1032 beatitudinem
917 970 1102 1035 metiuntur.

87 1054 179 1119 Haeo
206 1052 343 1136 denique
371 1074 435 1116 una
457 1052 586 1117 vivendi
613 1053 667 1117 lex
695 1058 758 1139 est,
787 1056 869 1120 velle
898 1056 962 1120 sibi
989 1080 1103 1122 unum-

89 1163 263 1228 quemque,
286 1139 373 1225 quod
395 1162 494 1224 penes
521 1141 658 1207 alterum
682 1142 806 1226 videat,
828 1147 866 1208 ut
887 1144 1010 1210 babeat
1031 1146 1102 1231 ipse
1116 1171 1143 1211 ιο

89 1253 227 1316 quoque,
251 1229 337 1313 quod
360 1251 437 1294 mox
458 1231 663 1296 transmittat
685 1232 726 1296 ad
751 1231 896 1298 eeteros?

180 1317 237 1386 14.
262 1318 322 1382 His
341 1318 528 1402 talibusque
551 1340 624 1384 eum
648 1340 718 1386 sese
737 1324 816 1386 tuno
834 1320 1019 1388 Alexander
1065 1326 1154 1385 XVH.

86 1408 328 1490 obleetuvisset‚
346 1407 430 1471 exim
448 1407 511 1471 iter
525 1429 658 1491 prorsus
677 1411 861 1494 exsequitur
880 1411 1016 1476 arduum
1032 1411 1099 1495 qui·
1117 1409 1165 1463 23.

85 1497 162 1562 dem
191 1495 270 1560 illud
302 1499 335 1560 et
363 1495 658 1562 laboriosissimum
687 1497 784 1563 inviis
814 1500 895 1565 loeis
925 1501 1102 1585 asperitate

85 1589 222 1650 naturae
258 1587 292 1649 et
322 1584 498 1649 colentium
529 1585 693 1650 vastitate.
748 1587 861 1673 Deque
893 1588 1005 1653 labore
1037 1588 1099 1655 hoo
1114 1608 1141 1650 rs

87 1673 258 1740 Aristoteli
283 1672 426 1738 scribens
450 1672 608 1758 magistro
631 1677 669 1738 ut
691 1675 743 1740 vel
767 1677 944 1742 maximum
968 1677 1032 1742 sibi
1054 1681 1100 1742 te·

88 1763 277 1828 stimonium
311 1761 389 1826 dioit
424 1761 534 1845 eisque
565 1762 686 1828 litteris
722 1765 885 1829 sententia
917 1766 993 1830 talis
1028 1764 1100 1831 fuit.

87 1849 226 1936 ‘Operae
253 1851 393 1935 pretium
422 1853 487 1933 est,
519 1850 565 1914 mi
597 1851 769 1936 magister,
802 1875 914 1918 eorum
947 1854 1101 1937 omnium,

87 1963 169 2026 quae
188 1941 255 2004 sint
272 1940 307 2003 in
330 1938 453 2004 nostris
472 1938 639 2004 laboribus
661 1941 812 2025 maxima,
836 1962 1021 2025 eorumque,
1044 1942 1100 2027 qui

85 2051 210 2095 meeum
233 2050 298 2092 una
316 2026 528 2092 toleraverint
547 2027 824 2114 inopinatissima,
845 2033 878 2094 te
901 2029 1099 2114 participare
1114 2052 1141 2093 ao

55 2211 59 2217 ·
175 2201 308 2256 1modos
316 2201 351 2256 B.
389 2201 628 2256 2desiderareA.
666 2200 823 2259 ahomints
837 2204 934 2260 om.B.
972 2202 1100 2259 4videri

83 2275 161 2330 codd.
180 2273 293 2328 videre?
337 2272 490 2327 teeddere
506 2272 541 2328 B.
584 2273 794 2329 Smentiuutur
807 2275 843 2331 A.
888 2274 977 2332 esibi
996 2292 1048 2332 om.
1062 2275 1098 2331 A.

86 2350 120 2399 11
138 2344 315 2399 transmittat
333 2343 408 2399 Ρ.Β.
436 2343 621 2398 transmilitat
639 2344 675 2399 A.

174 2415 223 2470 14.
251 2420 283 2469 12
302 2414 408 2469 talibus
427 2414 463 2468 A.
489 2431 553 2469 oum
572 2431 623 2470 om.
641 2415 717 2472 Ρ.Β.
775 2422 807 2472 13
826 2416 1044 2474 oblectavisseut
1062 2419 1098 2474 B.

86 2490 120 2540 14
138 2487 207 2541 loeis
226 2484 334 2541 indicas
349 2486 502 2555 asperitate
516 2487 551 2542 B.
591 2491 623 2541 lt
643 2487 708 2542 Poet
721 2489 858 2544 vastitate
876 2490 909 2544 in
922 2490 1099 2560 Eloqueretur

82 2559 162 2613 auec.-
186 2556 318 2611 ‘Interim
341 2573 404 2611 oum
428 2573 512 2611 uuam
536 2555 683 2613 civitatem
706 2557 737 2612 in
760 2559 806 2614 die
829 2559 986 2628 obsideret,
1008 2559 1099 2616 scalas

83 2645 164 2683 muro
180 2626 344 2710 ‚praecelsas
363 2627 508 2710 admoveri
529 2628 616 2685 iubet.
654 2629 761 2696 Quibus
785 2630 907 2684 admotis
931 2647 995 2685 oum
1017 2646 1098 2699 prae·

83 2697 245 2852 stirs
260 2697 391 2823 ‘tritt
405 2701 663 2852 ftttttttt
677 2701 1099 2854 {titiitlblffitutti}

86 2840 237 2895 subvenire
262 2840 360 2909 posset
384 2842 507 2908 vrderet,
537 2841 619 2894 irrurt
649 2842 725 2896 solus
751 2856 846 2894 omma
870 2840 993 2895 hostium
1020 2842 1099 2896 milis

82 2908 350 2979 multitudinemque
364 2909 441 2965 urbis
455 2912 484 2966 iu
499 2927 560 2966 sese
575 2911 726 2978 convertit3
744 2911 859 2980 iamque
872 2915 1006 2980 vergente
1021 2911 1098 2967 diea

83 2980 173 3037 latere
189 2998 297 3036 summo
313 2980 482 3050 vulneratur,
502 2985 531 3036 et
549 2985 664 3063 recepto
683 2982 768 3036 altius
786 2982 860 3037 terro
880 2980 972 3051 deeipi
991 2981 1098 3037 viribus

84 3052 203 3122 oeeepit.
235 3051 268 3108 Id
282 3051 450 3108 macedones
465 3053 618 3108 coniectati
631 3052 661 3108 vi
675 3053 798 3108 claustra
812 3051 972 3122 effringunt,
990 3068 1097 3124 regem·

84 3141 139 3194 que
165 3140 245 3178 suum
271 3121 446 3178 diffidentem
469 3123 629 3192 recipiunt)
670 3125 747 3195 Quae
771 3125 828 3192 fere
854 3124 1011 3180 verbotom
1036 3140 1097 3179 eore-

81 3196 206 3250 sente'emt
223 3211 285 3251 eum
298 3193 396 3250 Itiner.
415 3210 436 3250 e.
452 3194 527 3264 LII,
549 3196 623 3251 uude
640 3197 738 3251 menda
757 3196 887 3265 eorriyae.
925 3194 1042 3264 Deque
1061 3194 1096 3249 B.

85 3271 118 3348 lb
142 3265 185 3320 uti
207 3266 254 3321 vel
275 3264 474 3348 maximum..
543 3271 576 3321 17
593 3267 700 3349 eisque·
714 3267 818 3322 litteris
841 3267 948 3350 scripsi:
982 3267 1097 3350 eiusque

220 3337 261 3462 s
282 3337 557 3476 asserui..
575 3336 1031 3462 malesuasae
1047 3354 1097 3461 a

82 3476 345 3533 ARISTOTELEM
362 3477 595 3538 urolsravu.
631 3485 668 3537 is
687 3495 774 3551 opere
788 3495 864 3535 eorr.
881 3494 917 3532 ea
929 3477 1070 3543 spartana
1087 3474 1126 3521 t»

76 3553 114 3601 20
127 3547 356 3618 inopinatissima
374 3552 486 3626 scripsi.
517 3552 727 3628 opinatissima
745 3552 832 3609 eodo..
