2414 3826
477 207 693 279 1111111110.
1028 211 1093 265 xm

82 371 220 454 emplari
255 373 363 434 vetere
397 371 519 436 adscito
554 371 671 437 librum
707 371 904 436 emendasse.
959 372 1096 437 Restitit

78 465 189 524 tamen
213 459 299 523 haud
323 482 443 542 parvus
466 482 618 524 numerus
643 461 805 525 vitiorum.

172 547 265 622 Quod
288 549 328 612 ad
352 548 619 633 orthographiam
642 549 795 632 pertinet,
823 549 922 613 codex
951 550 1095 615 abundet

80 636 172 701 vitiis
204 636 268 719 eis,
300 637 417 720 quibus
449 637 525 701 libri
555 638 756 721 temporibus
788 637 853 702 illis
884 639 996 722 scripti
1027 661 1094 703 non

79 746 190 790 carere
228 726 342 791 solent.
397 724 624 790 Commutatee
662 730 739 790 sunt
775 727 859 790 inter
895 749 929 791 se
965 728 1094 792 litterae

78 819 155 879 ret
177 814 209 897 b,
238 818 372 897 ueto,
400 834 415 878 e
440 818 473 878 et
495 815 520 897 i,
547 835 563 878 c
586 818 618 878 et
637 836 671 898 93
701 815 856 899 aspiratio
885 816 980 881 modo
1008 818 1092 880 falso

79 902 206 987 addita,
239 901 334 966 modo
366 902 513 987 neglecta
546 905 604 966 est.
654 900 744 967 Haec
777 903 904 987 aliaque
936 905 1094 969 eiusmodi

80 991 216 1054 librario
244 990 417 1054 tribuenda
445 994 529 1057 sunt.
576 989 638 1055 sed
667 991 751 1074 quod
779 991 812 1053 in
836 992 942 1056 verbis
966 1014 1094 1076 compo-

81 1079 156 1143 sitis
183 1079 373 1163 plerumque
400 1078 522 1143 formae
550 1101 615 1143 non
642 1079 840 1144 assimilatae
869 1081 980 1165 legunt
982 1103 1033 1164 ur,
1060 1083 1094 1145 in

81 1190 121 1233 eo
146 1168 227 1231 mihi
250 1167 394 1232 videor
385 1168 487 1251 ipsius
512 1169 654 1233 auctoris
679 1191 773 1232 usum
800 1168 960 1232 scribendi
984 1168 1094 1252 depre-

81 1256 233 1321 hendisse
254 1259 351 1339 atque
371 1257 412 1320 ob
431 1256 517 1320 hanc
536 1277 666 1321 causam
685 1257 720 1320 in
740 1256 816 1320 edit
792 1260 881 1321 trone
900 1279 980 1341 mea,
999 1279 1094 1359 quae·

83 1366 209 1429 cunque
232 1345 365 1409 verba'
355 1367 389 1409 1n
413 1344 521 1409 codice
540 1344 733 1410 Taurinensi
753 1345 858 1409 forma
880 1368 946 1410 non
969 1347 1095 1410 assimi-

80 1434 151 1498 lata
164 1433 308 1516 scripta
299 1433 419 1518 inveni,
434 1455 545 1498 eorum
560 1434 705 1498 omnium
719 1434 801 1498 hanc
816 1434 1031 1498 formamt
964 1457 1015 1499 res
1017 1436 1093 1501 titui

80 1521 129 1586 eis
150 1543 275 1605 quoque
294 1521 383 1604 locis,
403 1522 519 1606 quibus
540 1522 657 1586 codicis
677 1515 919 1587 'laurinensist
905 1524 1094 1588 testimonio

81 1611 181 1674 destit
183 1610 291 1693 uebar,
314 1611 506 1692 praesertim
531 1632 603 1675 cum
623 1611 753 1676 etiam
743 1633 778 1674 rn
797 1613 910 1677 ceteris
929 1613 1094 1678 codicibus

82 1698 273 1782 saepissime
304 1698 441 1763 dissolut
427 1702 480 1764 tae
510 1699 586 1763 11111
615 1699 740 1764 formae
769 1701 927 1784 legantur.
979 1701 1096 1785 Itaque

82 1787 211 1870 scripsi:
240 1788 362 1871 adcola,
388 1789 586 1871 adclamatio,
609 1789 759 1868 adfectae,
785 1790 927 1873 adficere,
954 1791 1094 1874 adripere,

81 1875 235 1959 adflictae,
259 1875 401 1959 adfluere,
423 1876 568 1957 adfuerit,
591 1878 726 1960 adpredi,
750 1877 883 1958 adloqui,
906 1878 1095 1960 adloquium,

81 1965 226 2048 adnuere,
244 1966 390 2048 adpetere,
409 1965 638 2049 adprehendere,
657 1965 806 2046 adpellere
825 1961 896 2050 (sed
915 1961 1097 2051 appellare),

79 2053 277 2136 adropautiu,
296 2054 438 2131 adsolere,
458 2055 603 2133 adserere,
622 2055 820 2136 adtemptare,
834 2054 1010 2131 adtrectare,
1026 2074 1095 2118 eou-

82 2142 196 2225 loeare,
219 2142 427 2225 conloquium,
449 2143 611 2225 iuritatm,
633 2143 769 2225 irruere,
792 2142 981 2225 iurumpere,
1007 2141 1096 2224 obfir-

81 2235 201 2313 matus,
223 2229 415 2313 subfrapari,
437 2231 643 2313 subfrapium
666 2230 822 2312 subticere,
846 2231 1005 2315 subripere,
1027 2231 1096 2296 sub-

75 2319 204 2401 petiuri.
251 2317 290 2381 In
314 2339 352 2382 ea
375 2339 409 2382 re
432 2322 541 2384 tamen
566 2343 584 2384 a
608 2319 716 2384 codice
739 2317 932 2384 Taurinensi
955 2320 1096 2402 discessi,

82 2407 170 2490 quod
193 2407 338 2471 litteram
361 2427 392 2491 a,
416 2429 488 2472 cum
512 2412 587 2473 ante
611 2409 738 2472 litteras
761 2408 787 2488 b,
810 2429 893 2493 m,p
917 2410 1096 2493 legebatur,

83 2517 213 2579 semper
235 2496 269 2558 in
292 2516 324 2559 m
346 2497 479 2562 mutavi.

176 2582 257 2649 Cum
276 2583 460 2669 fragmenta
478 2588 606 2649 tantum
626 2584 746 2650 codicis
765 2607 784 2648 a
803 2607 854 2649 me
873 2585 938 2668 legi
957 2589 1099 2670 possent,

83 2671 314 2736 recurrendum
345 2675 415 2736 1111
445 2673 485 2737 ad
516 2695 568 2757 ea,
599 2695 680 2758 quae
711 2674 751 2738 ab
782 2673 910 2757 Angelo
939 2672 1027 2738 Maio
1058 2696 1097 2738 ex

84 2760 213 2825 schedis
243 2782 262 2824 1
291 2759 437 2844 Peyrone
465 2763 494 2825 ei
521 2762 724 2826 transmissis
751 2761 874 2844 publici
902 2761 981 2825 iuris
1009 2762 1099 2826 facta

86 2852 172 2914 sunt.
224 2849 272 2914 Ac
301 2851 442 2933 primum
470 2850 598 2935 quidem
626 2849 733 2914 Maius
763 2850 797 2913 in
827 2849 966 2914 editione
995 2851 1098 2914 altera

85 2937 127 3002 ab
155 2938 228 3022 ipso
259 2941 371 3003 curata
399 2936 507 3024 (Rom.
533 2939 632 3021 1835,
660 2938 754 3003 Auct.
779 2935 882 3002 Clusa.
906 2936 996 3003 Tom.
1020 2936 1099 3022 VII)

86 3025 128 3090 ad
152 3026 263 3110 capita
290 3026 366 3090 libri
394 3028 492 3111 primi
517 3028 656 3092 10-22
685 3030 718 3091 et
746 3026 786 3091 ad
814 3025 922 3110 capita
948 3025 1024 3090 libri
1053 3048 1099 3089 se·

86 3114 337 3181 1111111134-36
360 3115 523 3180 lectiones
539 3116 695 3201 quasdam
719 3136 758 3179 ex
782 3115 888 3180 codice
908 3113 1101 3179 Taurinensi

85 3203 257 3268 adnotavit
243 3205 395 3285 t,multo
414 3205 524 3288 plures
543 3205 578 3268 in
596 3207 722 3269 textum
740 3203 862 3305 recepit
848 3203 966 3267 tnullo
986 3202 1097 3267 addito

81 3293 194 3357 verbo.
242 3290 384 3394 Quarum
415 3314 506 3377 quaa
532 3293 571 3357 ad
600 3293 719 3357 librum
751 3292 893 3376 primum
927 3292 1100 3376 pertinent,

82 3402 139 3445 eas
163 3380 343 3465 sumpsisse
366 3381 454 3447 videt
440 3387 492 3446 tur
520 3382 636 3464 exiis,
665 3402 746 3466 quae
770 3379 897 3466 Peyron
925 3402 967 3444 111
991 3379 1105 3444 codice

83 3467 342 3534 Taurinensiet
368 3469 449 3535 ab
437 3491 510 3558 ipso
541 3474 574 3538 et
559 3432 645 3539 tab
676 3471 754 3540 aliis
779 3469 1015 3552 transscripta.
1025 3464 1134 3526 111111

75 3557 218 3619 11111111
268 3557 359 3624 Haec
388 3581 478 3629 nunc
514 3563 705 3654 deperiisse
737 3563 918 3634 sidentur
964 3551 1166 3620 1111111111
