<?xml version="1.0" encoding="UTF-8"?>
<!DOCTYPE html PUBLIC "-//W3C//DTD XHTML 1.0 Transitional//EN"
    "http://www.w3.org/TR/xhtml1/DTD/xhtml1-transitional.dtd">
<html xmlns="http://www.w3.org/1999/xhtml" xml:lang="en" lang="en">
 <head>
  <title>
</title>
<meta http-equiv="Content-Type" content="text/html;charset=utf-8" />
  <meta name='ocr-system' content='tesseract 3.04.00' />
  <meta name='ocr-capabilities' content='ocr_page ocr_carea ocr_par ocr_line ocrx_word'/>
</head>
<body>
  <div class='ocr_page' id='page_1' title='image "./iulivalerialexa00valegoog_0168.png"; bbox 0 0 2414 3826; ppageno 0'>
   <div class='ocr_carea' id='block_1_1' title="bbox 406 178 1094 246">
    <p class='ocr_par' dir='ltr' id='par_1_1' title="bbox 406 178 1094 246">
     <span class='ocr_line' id='line_1_1' title="bbox 406 178 1094 246; baseline 0.017 -12"><span class='ocrx_word' id='word_1_1' title='bbox 406 178 536 235; x_wconf 81' lang='lat' dir='ltr'>OBITUS</span> <span class='ocrx_word' id='word_1_2' title='bbox 555 178 778 235; x_wconf 79' lang='lat' dir='ltr'><strong>ALEXANDRI.</strong></span> <span class='ocrx_word' id='word_1_3' title='bbox 1033 181 1094 246; x_wconf 87' lang='lat'><strong>131</strong></span> 
     </span>
    </p>
   </div>
   <div class='ocr_carea' id='block_1_2' title="bbox 80 340 1159 2289">
    <p class='ocr_par' dir='ltr' id='par_1_2' title="bbox 80 340 1159 2289">
     <span class='ocr_line' id='line_1_2' title="bbox 82 340 1159 427; baseline 0 -21"><span class='ocrx_word' id='word_1_4' title='bbox 82 363 145 427; x_wconf 91' lang='lat' dir='ltr'><strong>que</strong></span> <span class='ocrx_word' id='word_1_5' title='bbox 165 342 369 407; x_wconf 87' lang='lat' dir='ltr'><strong>confundere.</strong></span> <span class='ocrx_word' id='word_1_6' title='bbox 406 340 520 426; x_wconf 88' lang='lat' dir='ltr'>Neque</span> <span class='ocrx_word' id='word_1_7' title='bbox 538 342 572 406; x_wconf 93' lang='lat' dir='ltr'><strong>id</strong></span> <span class='ocrx_word' id='word_1_8' title='bbox 589 342 685 407; x_wconf 90' lang='lat' dir='ltr'><strong>breve</strong></span> <span class='ocrx_word' id='word_1_9' title='bbox 705 345 762 407; x_wconf 86' lang='lat' dir='ltr'><strong>eut</strong></span> <span class='ocrx_word' id='word_1_10' title='bbox 779 343 1004 408; x_wconf 85' lang='lat' dir='ltr'><strong>transitorium</strong></span> <span class='ocrx_word' id='word_1_11' title='bbox 1023 343 1096 408; x_wconf 85' lang='lat' dir='ltr'><strong>fuit.</strong></span> <span class='ocrx_word' id='word_1_12' title='bbox 1115 356 1159 408; x_wconf 85' lang='lat'><strong>36.</strong></span> 
     </span>
     <span class='ocr_line' id='line_1_3' title="bbox 81 430 1096 515; baseline 0 -19"><span class='ocrx_word' id='word_1_13' title='bbox 81 431 182 496; x_wconf 80' lang='lat' dir='ltr'><strong>Enim</strong></span> <span class='ocrx_word' id='word_1_14' title='bbox 206 430 316 494; x_wconf 89' lang='lat' dir='ltr'><strong>diebus</strong></span> <span class='ocrx_word' id='word_1_15' title='bbox 339 430 407 494; x_wconf 86' lang='lat' dir='ltr'><strong>fere</strong></span> <span class='ocrx_word' id='word_1_16' title='bbox 431 431 572 515; x_wconf 90' lang='lat' dir='ltr'><strong>quinque</strong></span> <span class='ocrx_word' id='word_1_17' title='bbox 599 431 671 515; x_wconf 85' lang='lat' dir='ltr'><strong>pari</strong></span> <span class='ocrx_word' id='word_1_18' title='bbox 698 431 781 496; x_wconf 85' lang='lat' dir='ltr'><strong>facie</strong></span> <span class='ocrx_word' id='word_1_19' title='bbox 803 431 952 498; x_wconf 88' lang='lat' dir='ltr'><strong>foedatus</strong></span> <span class='ocrx_word' id='word_1_20' title='bbox 981 438 1036 496; x_wconf 74' lang='lat' dir='ltr'><strong>adr</strong></span> <span class='ocrx_word' id='word_1_21' title='bbox 1063 433 1096 497; x_wconf 92' lang='lat' dir='ltr'><strong>in</strong></span> 
     </span>
     <span class='ocr_line' id='line_1_4' title="bbox 82 518 1095 607; baseline 0.001 -23"><span class='ocrx_word' id='word_1_22' title='bbox 82 521 116 584; x_wconf 93' lang='lat' dir='ltr'><strong>id</strong></span> <span class='ocrx_word' id='word_1_23' title='bbox 140 518 273 583; x_wconf 88' lang='lat' dir='ltr'><strong>tandem</strong></span> <span class='ocrx_word' id='word_1_24' title='bbox 293 519 466 604; x_wconf 86' lang='lat' dir='ltr'><strong>aliquando</strong></span> <span class='ocrx_word' id='word_1_25' title='bbox 485 520 648 604; x_wconf 81' lang='lat' dir='ltr'><strong>purgavit,</strong></span> <span class='ocrx_word' id='word_1_26' title='bbox 670 523 707 584; x_wconf 92' lang='lat' dir='ltr'><strong>ut</strong></span> <span class='ocrx_word' id='word_1_27' title='bbox 726 524 818 585; x_wconf 83' lang='lat' dir='ltr'><strong>sexta</strong></span> <span class='ocrx_word' id='word_1_28' title='bbox 839 521 899 585; x_wconf 91' lang='lat' dir='ltr'><strong>sub</strong></span> <span class='ocrx_word' id='word_1_29' title='bbox 920 522 1001 607; x_wconf 91' lang='lat' dir='ltr'><strong>luce,</strong></span> <span class='ocrx_word' id='word_1_30' title='bbox 1023 543 1095 586; x_wconf 92' lang='lat' dir='ltr'><strong>cum</strong></span> 
     </span>
     <span class='ocr_line' id='line_1_5' title="bbox 81 607 1096 692; baseline 0 -19"><span class='ocrx_word' id='word_1_31' title='bbox 81 608 272 692; x_wconf 71' lang='lat' dir='ltr'><strong>interruptis</strong></span> <span class='ocrx_word' id='word_1_32' title='bbox 295 608 436 672; x_wconf 91' lang='lat' dir='ltr'><strong>nubibus</strong></span> <span class='ocrx_word' id='word_1_33' title='bbox 465 608 515 672; x_wconf 88' lang='lat' dir='ltr'><strong>sol</strong></span> <span class='ocrx_word' id='word_1_34' title='bbox 542 607 659 672; x_wconf 84' lang='lat' dir='ltr'><strong>faciem</strong></span> <span class='ocrx_word' id='word_1_35' title='bbox 686 608 806 672; x_wconf 91' lang='lat' dir='ltr'><strong>mundo</strong></span> <span class='ocrx_word' id='word_1_36' title='bbox 830 609 1003 692; x_wconf 81' lang='lat' dir='ltr'><strong>pristinam</strong></span> <span class='ocrx_word' id='word_1_37' title='bbox 1025 610 1096 674; x_wconf 84' lang='lat' dir='ltr'><strong>red-</strong></span> 
     </span>
     <span class='ocr_line' id='line_1_6' title="bbox 82 696 1122 781; baseline 0.001 -20"><span class='ocrx_word' id='word_1_38' title='bbox 82 698 228 780; x_wconf 90' lang='lat' dir='ltr'><strong>didisset,</strong></span> <span class='ocrx_word' id='word_1_39' title='bbox 250 700 376 761; x_wconf 88' lang='lat' dir='ltr'><strong>tantam</strong></span> <span class='ocrx_word' id='word_1_40' title='bbox 399 696 466 761; x_wconf 91' lang='lat' dir='ltr'><strong>vim</strong></span> <span class='ocrx_word' id='word_1_41' title='bbox 489 696 613 761; x_wconf 90' lang='lat' dir='ltr'><strong>nivium</strong></span> <span class='ocrx_word' id='word_1_42' title='bbox 636 696 822 762; x_wconf 81' lang='lat' dir='ltr'><strong>incubuisse</strong></span> <span class='ocrx_word' id='word_1_43' title='bbox 844 697 1036 781; x_wconf 86' lang='lat' dir='ltr'><strong>videremus,</strong></span> <span class='ocrx_word' id='word_1_44' title='bbox 1059 701 1122 762; x_wconf 76' lang='lat' dir='ltr'><strong>ute</strong></span> 
     </span>
     <span class='ocr_line' id='line_1_7' title="bbox 82 783 1096 870; baseline -0.001 -19"><span class='ocrx_word' id='word_1_45' title='bbox 82 807 183 870; x_wconf 89' lang='lat' dir='ltr'><strong>supra</strong></span> <span class='ocrx_word' id='word_1_46' title='bbox 204 784 305 849; x_wconf 89' lang='lat' dir='ltr'><strong>trium</strong></span> <span class='ocrx_word' id='word_1_47' title='bbox 329 786 511 850; x_wconf 88' lang='lat' dir='ltr'><strong>cubitorum</strong></span> <span class='ocrx_word' id='word_1_48' title='bbox 531 783 737 850; x_wconf 85' lang='lat' dir='ltr'><strong>altitudinem</strong></span> <span class='ocrx_word' id='word_1_49' title='bbox 760 785 862 850; x_wconf 86' lang='lat' dir='ltr'><strong>densa</strong></span> <span class='ocrx_word' id='word_1_50' title='bbox 885 787 1008 850; x_wconf 89' lang='lat' dir='ltr'><strong>multos</strong></span> <span class='ocrx_word' id='word_1_51' title='bbox 1028 786 1096 870; x_wconf 92' lang='lat' dir='ltr'><strong>qui-</strong></span> 
     </span>
     <span class='ocr_line' id='line_1_8' title="bbox 82 872 1096 958; baseline -0.001 -19"><span class='ocrx_word' id='word_1_52' title='bbox 82 875 156 939; x_wconf 89' lang='lat' dir='ltr'><strong>dem</strong></span> <span class='ocrx_word' id='word_1_53' title='bbox 177 877 210 937; x_wconf 89' lang='lat' dir='ltr'><strong>et</strong></span> <span class='ocrx_word' id='word_1_54' title='bbox 227 873 424 939; x_wconf 76' lang='lat' dir='ltr'><strong>nostratium</strong></span> <span class='ocrx_word' id='word_1_55' title='bbox 442 872 651 956; x_wconf 81' lang='lat' dir='ltr'><strong>interfecerit,</strong></span> <span class='ocrx_word' id='word_1_56' title='bbox 669 896 749 957; x_wconf 90' lang='lat' dir='ltr'><strong>quos</strong></span> <span class='ocrx_word' id='word_1_57' title='bbox 767 874 853 938; x_wconf 86' lang='lat' dir='ltr'><strong>forte</strong></span> <span class='ocrx_word' id='word_1_58' title='bbox 872 874 907 938; x_wconf 98' lang='lat' dir='ltr'><strong>in</strong></span> <span class='ocrx_word' id='word_1_59' title='bbox 927 875 1096 958; x_wconf 86' lang='lat' dir='ltr'><strong>apertiori-</strong></span> 
     </span>
     <span class='ocr_line' id='line_1_9' title="bbox 82 962 1095 1046; baseline 0 -18"><span class='ocrx_word' id='word_1_60' title='bbox 82 964 144 1028; x_wconf 89' lang='lat' dir='ltr'><strong>bus</strong></span> <span class='ocrx_word' id='word_1_61' title='bbox 167 962 247 1027; x_wconf 93' lang='lat' dir='ltr'><strong>locis</strong></span> <span class='ocrx_word' id='word_1_62' title='bbox 271 966 368 1028; x_wconf 91' lang='lat' dir='ltr'><strong>nacta</strong></span> <span class='ocrx_word' id='word_1_63' title='bbox 396 962 455 1045; x_wconf 88' lang='lat' dir='ltr'><strong>sit,</strong></span> <span class='ocrx_word' id='word_1_64' title='bbox 481 963 625 1046; x_wconf 88' lang='lat' dir='ltr'><strong>plurime</strong></span> <span class='ocrx_word' id='word_1_65' title='bbox 651 965 762 1027; x_wconf 88' lang='lat' dir='ltr'><strong>tamen</strong></span> <span class='ocrx_word' id='word_1_66' title='bbox 789 963 936 1027; x_wconf 90' lang='lat' dir='ltr'><strong>obruerit</strong></span> <span class='ocrx_word' id='word_1_67' title='bbox 959 963 1095 1046; x_wconf 80' lang='lat' dir='ltr'><strong>quadru-</strong></span> 
     </span>
     <span class='ocr_line' id='line_1_10' title="bbox 82 1050 1095 1137; baseline -0.001 -22"><span class='ocrx_word' id='word_1_68' title='bbox 82 1051 186 1137; x_wconf 85' lang='lat' dir='ltr'><strong>pedia,</strong></span> <span class='ocrx_word' id='word_1_69' title='bbox 209 1073 347 1134; x_wconf 90' lang='lat' dir='ltr'><strong>quorum</strong></span> <span class='ocrx_word' id='word_1_70' title='bbox 365 1051 503 1117; x_wconf 91' lang='lat' dir='ltr'><strong>nihilum</strong></span> <span class='ocrx_word' id='word_1_71' title='bbox 526 1073 592 1116; x_wconf 88' lang='lat' dir='ltr'><strong>non</strong></span> <span class='ocrx_word' id='word_1_72' title='bbox 611 1052 771 1118; x_wconf 87' lang='lat' dir='ltr'><strong>stantaria</strong></span> <span class='ocrx_word' id='word_1_73' title='bbox 789 1054 894 1116; x_wconf 90' lang='lat' dir='ltr'><strong>morte</strong></span> <span class='ocrx_word' id='word_1_74' title='bbox 912 1050 1095 1137; x_wconf 82' lang='lat' dir='ltr'><strong>obriguisse</strong></span> 
     </span>
     <span class='ocr_line' id='line_1_11' title="bbox 82 1140 1135 1206; baseline -0.003 -1"><span class='ocrx_word' id='word_1_75' title='bbox 82 1140 242 1206; x_wconf 81' lang='lat' dir='ltr'><strong>visitares.</strong></span> <span class='ocrx_word' id='word_1_76' title='bbox 1109 1162 1135 1202; x_wconf 84' lang='lat' dir='ltr'><strong>ro</strong></span> 
     </span>
     <span class='ocr_line' id='line_1_12' title="bbox 173 1226 1158 1312; baseline -0.001 -21"><span class='ocrx_word' id='word_1_77' title='bbox 173 1226 232 1294; x_wconf 79' lang='lat'><strong>23.</strong></span> <span class='ocrx_word' id='word_1_78' title='bbox 254 1226 367 1311; x_wconf 79' lang='lat' dir='ltr'><strong>anue</strong></span> <span class='ocrx_word' id='word_1_79' title='bbox 390 1228 513 1293; x_wconf 88' lang='lat' dir='ltr'><strong>nivium</strong></span> <span class='ocrx_word' id='word_1_80' title='bbox 536 1229 585 1294; x_wconf 91' lang='lat' dir='ltr'><strong>vis</strong></span> <span class='ocrx_word' id='word_1_81' title='bbox 609 1250 682 1294; x_wconf 88' lang='lat' dir='ltr'><strong>cum</strong></span> <span class='ocrx_word' id='word_1_82' title='bbox 701 1228 813 1293; x_wconf 91' lang='lat' dir='ltr'><strong>dicbus</strong></span> <span class='ocrx_word' id='word_1_83' title='bbox 832 1227 934 1292; x_wconf 88' lang='lat' dir='ltr'><strong>ferme</strong></span> <span class='ocrx_word' id='word_1_84' title='bbox 956 1228 1095 1312; x_wconf 86' lang='lat' dir='ltr'><strong>triginta</strong></span> <span class='ocrx_word' id='word_1_85' title='bbox 1114 1238 1158 1292; x_wconf 76' lang='lat'><strong>37.</strong></span> 
     </span>
     <span class='ocr_line' id='line_1_13' title="bbox 82 1317 1094 1401; baseline -0.002 -20"><span class='ocrx_word' id='word_1_86' title='bbox 82 1317 137 1381; x_wconf 89' lang='lat' dir='ltr'><strong>vix</strong></span> <span class='ocrx_word' id='word_1_87' title='bbox 151 1317 320 1401; x_wconf 84' lang='lat' dir='ltr'><strong>tabuisset,</strong></span> <span class='ocrx_word' id='word_1_88' title='bbox 339 1321 476 1401; x_wconf 84' lang='lat' dir='ltr'><strong>aequato</strong></span> <span class='ocrx_word' id='word_1_89' title='bbox 491 1317 622 1382; x_wconf 88' lang='lat' dir='ltr'><strong>tandem</strong></span> <span class='ocrx_word' id='word_1_90' title='bbox 641 1318 710 1382; x_wconf 87' lang='lat' dir='ltr'><strong>solo</strong></span> <span class='ocrx_word' id='word_1_91' title='bbox 727 1318 842 1382; x_wconf 90' lang='lat' dir='ltr'><strong>itinere</strong></span> <span class='ocrx_word' id='word_1_92' title='bbox 857 1317 980 1382; x_wconf 90' lang='lat' dir='ltr'><strong>dierum</strong></span> <span class='ocrx_word' id='word_1_93' title='bbox 994 1317 1094 1380; x_wconf 88' lang='lat' dir='ltr'><strong>ferme</strong></span> 
     </span>
     <span class='ocr_line' id='line_1_14' title="bbox 81 1404 1095 1490; baseline 0.001 -21"><span class='ocrx_word' id='word_1_94' title='bbox 81 1407 223 1489; x_wconf 91' lang='lat' dir='ltr'><strong>quinque</strong></span> <span class='ocrx_word' id='word_1_95' title='bbox 250 1404 436 1469; x_wconf 85' lang='lat' dir='ltr'><strong>Prasiacam</strong></span> <span class='ocrx_word' id='word_1_96' title='bbox 464 1406 732 1490; x_wconf 89' lang='lat' dir='ltr'><strong>adventabamus,</strong></span> <span class='ocrx_word' id='word_1_97' title='bbox 761 1407 865 1471; x_wconf 92' lang='lat' dir='ltr'><strong>multo</strong></span> <span class='ocrx_word' id='word_1_98' title='bbox 893 1405 1023 1489; x_wconf 90' lang='lat' dir='ltr'><strong>quidem</strong></span> <span class='ocrx_word' id='word_1_99' title='bbox 1050 1406 1095 1470; x_wconf 88' lang='lat' dir='ltr'><strong>la·</strong></span> 
     </span>
     <span class='ocr_line' id='line_1_15' title="bbox 81 1493 1095 1578; baseline -0.002 -19"><span class='ocrx_word' id='word_1_100' title='bbox 81 1495 169 1576; x_wconf 89' lang='lat' dir='ltr'><strong>bore,</strong></span> <span class='ocrx_word' id='word_1_101' title='bbox 184 1493 239 1578; x_wconf 90' lang='lat' dir='ltr'><strong>qui</strong></span> <span class='ocrx_word' id='word_1_102' title='bbox 254 1494 391 1558; x_wconf 90' lang='lat' dir='ltr'><strong>strictim</strong></span> <span class='ocrx_word' id='word_1_103' title='bbox 407 1493 511 1559; x_wconf 90' lang='lat' dir='ltr'><strong>dictus</strong></span> <span class='ocrx_word' id='word_1_104' title='bbox 526 1498 585 1578; x_wconf 87' lang='lat' dir='ltr'><strong>est,</strong></span> <span class='ocrx_word' id='word_1_105' title='bbox 600 1495 779 1578; x_wconf 86' lang='lat' dir='ltr'><strong>exanclato,</strong></span> <span class='ocrx_word' id='word_1_106' title='bbox 794 1495 958 1560; x_wconf 89' lang='lat' dir='ltr'><strong>enimvero</strong></span> <span class='ocrx_word' id='word_1_107' title='bbox 974 1494 1095 1558; x_wconf 88' lang='lat' dir='ltr'><strong>maiore</strong></span> 
     </span>
     <span class='ocr_line' id='line_1_16' title="bbox 81 1582 1135 1669; baseline -0.002 -21"><span class='ocrx_word' id='word_1_108' title='bbox 81 1583 204 1668; x_wconf 88' lang='lat' dir='ltr'><strong>praeda</strong></span> <span class='ocrx_word' id='word_1_109' title='bbox 230 1582 332 1647; x_wconf 89' lang='lat' dir='ltr'><strong>totius</strong></span> <span class='ocrx_word' id='word_1_110' title='bbox 357 1583 470 1646; x_wconf 86' lang='lat' dir='ltr'><strong>Indiae</strong></span> <span class='ocrx_word' id='word_1_111' title='bbox 499 1604 672 1667; x_wconf 90' lang='lat' dir='ltr'><strong>earumque</strong></span> <span class='ocrx_word' id='word_1_112' title='bbox 702 1584 864 1669; x_wconf 82' lang='lat' dir='ltr'><strong>gentium,</strong></span> <span class='ocrx_word' id='word_1_113' title='bbox 894 1605 1094 1667; x_wconf 86' lang='lat' dir='ltr'><strong>quacumque</strong></span> <span class='ocrx_word' id='word_1_114' title='bbox 1108 1604 1135 1646; x_wconf 85' lang='lat'><strong>15</strong></span> 
     </span>
     <span class='ocr_line' id='line_1_17' title="bbox 83 1670 1095 1754; baseline -0.001 -19"><span class='ocrx_word' id='word_1_115' title='bbox 83 1671 335 1754; x_wconf 87' lang='lat' dir='ltr'><strong>transmisimus,</strong></span> <span class='ocrx_word' id='word_1_116' title='bbox 354 1674 554 1754; x_wconf 87' lang='lat' dir='ltr'><strong>convectata,</strong></span> <span class='ocrx_word' id='word_1_117' title='bbox 571 1672 663 1737; x_wconf 92' lang='lat' dir='ltr'><strong>nullo</strong></span> <span class='ocrx_word' id='word_1_118' title='bbox 682 1672 826 1736; x_wconf 87' lang='lat' dir='ltr'><strong>omnium</strong></span> <span class='ocrx_word' id='word_1_119' title='bbox 845 1671 1000 1736; x_wconf 90' lang='lat' dir='ltr'><strong>Indorum</strong></span> <span class='ocrx_word' id='word_1_120' title='bbox 1019 1670 1095 1734; x_wconf 91' lang='lat' dir='ltr'><strong>Per·</strong></span> 
     </span>
     <span class='ocr_line' id='line_1_18' title="bbox 85 1759 1094 1844; baseline -0.002 -20"><span class='ocrx_word' id='word_1_121' title='bbox 85 1781 233 1824; x_wconf 78' lang='lat' dir='ltr'><strong>senumve</strong></span> <span class='ocrx_word' id='word_1_122' title='bbox 252 1760 430 1842; x_wconf 87' lang='lat' dir='ltr'><strong>dubitante,</strong></span> <span class='ocrx_word' id='word_1_123' title='bbox 454 1761 532 1844; x_wconf 93' lang='lat' dir='ltr'><strong>quin</strong></span> <span class='ocrx_word' id='word_1_124' title='bbox 552 1760 663 1824; x_wconf 89' lang='lat' dir='ltr'><strong>omnia</strong></span> <span class='ocrx_word' id='word_1_125' title='bbox 680 1760 776 1824; x_wconf 89' lang='lat' dir='ltr'><strong>nobis</strong></span> <span class='ocrx_word' id='word_1_126' title='bbox 796 1761 837 1823; x_wconf 87' lang='lat' dir='ltr'><strong>ad</strong></span> <span class='ocrx_word' id='word_1_127' title='bbox 857 1759 1094 1844; x_wconf 84' lang='lat' dir='ltr'><strong>subiugandum</strong></span> 
     </span>
     <span class='ocr_line' id='line_1_19' title="bbox 81 1846 1096 1932; baseline -0.001 -21"><span class='ocrx_word' id='word_1_128' title='bbox 81 1848 193 1912; x_wconf 83' lang='lat' dir='ltr'><strong>facilia</strong></span> <span class='ocrx_word' id='word_1_129' title='bbox 215 1846 336 1931; x_wconf 85' lang='lat' dir='ltr'><strong>forent,</strong></span> <span class='ocrx_word' id='word_1_130' title='bbox 359 1869 559 1932; x_wconf 90' lang='lat' dir='ltr'><strong>quocumque</strong></span> <span class='ocrx_word' id='word_1_131' title='bbox 583 1848 726 1913; x_wconf 90' lang='lat' dir='ltr'><strong>animum</strong></span> <span class='ocrx_word' id='word_1_132' title='bbox 749 1848 1008 1912; x_wconf 89' lang='lat' dir='ltr'><strong>intendissemus.</strong></span> <span class='ocrx_word' id='word_1_133' title='bbox 1051 1848 1096 1910; x_wconf 85' lang='lat' dir='ltr'><strong>At</strong></span> 
     </span>
     <span class='ocr_line' id='line_1_20' title="bbox 83 1934 1094 2020; baseline -0.003 -19"><span class='ocrx_word' id='word_1_134' title='bbox 83 1939 190 2001; x_wconf 85' lang='lat' dir='ltr'><strong>cetera</strong></span> <span class='ocrx_word' id='word_1_135' title='bbox 213 1937 347 2001; x_wconf 88' lang='lat' dir='ltr'><strong>nomina</strong></span> <span class='ocrx_word' id='word_1_136' title='bbox 369 1937 549 2019; x_wconf 91' lang='lat' dir='ltr'><strong>pretiorum</strong></span> <span class='ocrx_word' id='word_1_137' title='bbox 577 1936 710 2020; x_wconf 88' lang='lat' dir='ltr'><strong>aurique</strong></span> <span class='ocrx_word' id='word_1_138' title='bbox 734 1935 936 2020; x_wconf 87' lang='lat' dir='ltr'><strong>opulentiam</strong></span> <span class='ocrx_word' id='word_1_139' title='bbox 958 1934 1094 1998; x_wconf 90' lang='lat' dir='ltr'><strong>ulterius</strong></span> 
     </span>
     <span class='ocr_line' id='line_1_21' title="bbox 80 2023 1134 2110; baseline -0.006 -20"><span class='ocrx_word' id='word_1_140' title='bbox 80 2047 146 2090; x_wconf 93' lang='lat' dir='ltr'><strong>non</strong></span> <span class='ocrx_word' id='word_1_141' title='bbox 160 2025 386 2110; x_wconf 88' lang='lat' dir='ltr'><strong>requirendam</strong></span> <span class='ocrx_word' id='word_1_142' title='bbox 401 2025 683 2106; x_wconf 75' lang='lat' dir='ltr'><strong>[existimavimus],</strong></span> <span class='ocrx_word' id='word_1_143' title='bbox 700 2023 832 2088; x_wconf 82' lang='lat' dir='ltr'><strong>vixdum</strong></span> <span class='ocrx_word' id='word_1_144' title='bbox 847 2023 1000 2107; x_wconf 85' lang='lat' dir='ltr'><strong>gravibus</strong></span> <span class='ocrx_word' id='word_1_145' title='bbox 1020 2023 1093 2086; x_wconf 90' lang='lat' dir='ltr'><strong>sub·</strong></span> <span class='ocrx_word' id='word_1_146' title='bbox 1108 2046 1134 2084; x_wconf 75' lang='lat' dir='ltr'><strong>so</strong></span> 
     </span>
     <span class='ocr_line' id='line_1_22' title="bbox 81 2111 1094 2196; baseline -0.006 -17"><span class='ocrx_word' id='word_1_147' title='bbox 81 2114 285 2180; x_wconf 72' lang='lat' dir='ltr'><strong>sectionibus</strong></span> <span class='ocrx_word' id='word_1_148' title='bbox 309 2115 529 2196; x_wconf 82' lang='lat' dir='ltr'><strong>consulentes,</strong></span> <span class='ocrx_word' id='word_1_149' title='bbox 556 2134 629 2178; x_wconf 91' lang='lat' dir='ltr'><strong>cum</strong></span> <span class='ocrx_word' id='word_1_150' title='bbox 652 2115 746 2176; x_wconf 86' lang='lat' dir='ltr'><strong>tanta</strong></span> <span class='ocrx_word' id='word_1_151' title='bbox 769 2112 802 2174; x_wconf 93' lang='lat' dir='ltr'><strong>in</strong></span> <span class='ocrx_word' id='word_1_152' title='bbox 824 2112 891 2195; x_wconf 92' lang='lat' dir='ltr'><strong>his,</strong></span> <span class='ocrx_word' id='word_1_153' title='bbox 914 2132 997 2194; x_wconf 88' lang='lat' dir='ltr'><strong>quae</strong></span> <span class='ocrx_word' id='word_1_154' title='bbox 1021 2111 1094 2174; x_wconf 90' lang='lat' dir='ltr'><strong>sub-</strong></span> 
     </span>
     <span class='ocr_line' id='line_1_23' title="bbox 81 2199 1095 2289; baseline -0.002 -23"><span class='ocrx_word' id='word_1_155' title='bbox 81 2203 194 2288; x_wconf 82' lang='lat' dir='ltr'><strong>iugata</strong></span> <span class='ocrx_word' id='word_1_156' title='bbox 218 2203 284 2268; x_wconf 92' lang='lat' dir='ltr'><strong>sint</strong></span> <span class='ocrx_word' id='word_1_157' title='bbox 306 2204 391 2289; x_wconf 90' lang='lat' dir='ltr'><strong>loca,</strong></span> <span class='ocrx_word' id='word_1_158' title='bbox 419 2202 472 2267; x_wconf 84' lang='lat' dir='ltr'><strong>vel</strong></span> <span class='ocrx_word' id='word_1_159' title='bbox 500 2203 593 2285; x_wconf 89' lang='lat' dir='ltr'><strong>copia</strong></span> <span class='ocrx_word' id='word_1_160' title='bbox 615 2201 668 2266; x_wconf 90' lang='lat' dir='ltr'><strong>vcl</strong></span> <span class='ocrx_word' id='word_1_161' title='bbox 694 2199 869 2265; x_wconf 83' lang='lat' dir='ltr'><strong>adfluentia</strong></span> <span class='ocrx_word' id='word_1_162' title='bbox 894 2199 1095 2285; x_wconf 88' lang='lat' dir='ltr'><strong>reperiretur.</strong></span> 
     </span>
    </p>
   </div>
   <div class='ocr_carea' id='block_1_3' title="bbox 80 2288 1133 2642">
    <p class='ocr_par' dir='ltr' id='par_1_3' title="bbox 80 2288 1133 2642">
     <span class='ocr_line' id='line_1_24' title="bbox 81 2288 1095 2377; baseline -0.004 -21"><span class='ocrx_word' id='word_1_163' title='bbox 81 2289 135 2356; x_wconf 82' lang='lat' dir='ltr'><strong>Sic</strong></span> <span class='ocrx_word' id='word_1_164' title='bbox 153 2292 255 2377; x_wconf 82' lang='lat' dir='ltr'><strong>igitur</strong></span> <span class='ocrx_word' id='word_1_165' title='bbox 274 2293 382 2358; x_wconf 89' lang='lat' dir='ltr'><strong>animo</strong></span> <span class='ocrx_word' id='word_1_166' title='bbox 401 2292 510 2356; x_wconf 85' lang='lat' dir='ltr'><strong>laxato</strong></span> <span class='ocrx_word' id='word_1_167' title='bbox 530 2311 603 2356; x_wconf 91' lang='lat' dir='ltr'><strong>cum</strong></span> <span class='ocrx_word' id='word_1_168' title='bbox 622 2289 704 2354; x_wconf 90' lang='lat' dir='ltr'><strong>nihil</strong></span> <span class='ocrx_word' id='word_1_169' title='bbox 723 2290 788 2353; x_wconf 84' lang='lat' dir='ltr'><strong>iam</strong></span> <span class='ocrx_word' id='word_1_170' title='bbox 807 2288 901 2373; x_wconf 87' lang='lat' dir='ltr'><strong>foret,</strong></span> <span class='ocrx_word' id='word_1_171' title='bbox 924 2289 1010 2372; x_wconf 90' lang='lat' dir='ltr'><strong>quod</strong></span> <span class='ocrx_word' id='word_1_172' title='bbox 1028 2309 1095 2354; x_wconf 94' lang='lat' dir='ltr'><strong>non</strong></span> 
     </span>
     <span class='ocr_line' id='line_1_25' title="bbox 80 2378 1093 2463; baseline -0.001 -20"><span class='ocrx_word' id='word_1_173' title='bbox 80 2380 214 2445; x_wconf 86' lang='lat' dir='ltr'><strong>fortuna</strong></span> <span class='ocrx_word' id='word_1_174' title='bbox 238 2402 278 2444; x_wconf 88' lang='lat' dir='ltr'><strong>cx</strong></span> <span class='ocrx_word' id='word_1_175' title='bbox 299 2380 388 2446; x_wconf 90' lang='lat' dir='ltr'><strong>hisce</strong></span> <span class='ocrx_word' id='word_1_176' title='bbox 407 2379 602 2463; x_wconf 89' lang='lat' dir='ltr'><strong>adpetentiis</strong></span> <span class='ocrx_word' id='word_1_177' title='bbox 622 2379 826 2462; x_wconf 85' lang='lat' dir='ltr'><strong>explevisset,</strong></span> <span class='ocrx_word' id='word_1_178' title='bbox 850 2399 944 2443; x_wconf 91' lang='lat' dir='ltr'><strong>omne</strong></span> <span class='ocrx_word' id='word_1_179' title='bbox 966 2378 1093 2444; x_wconf 90' lang='lat' dir='ltr'><strong>demum</strong></span> 
     </span>
     <span class='ocr_line' id='line_1_26' title="bbox 80 2467 1133 2553; baseline -0.005 -20"><span class='ocrx_word' id='word_1_180' title='bbox 80 2470 283 2534; x_wconf 87' lang='lat' dir='ltr'><strong>intenderam</strong></span> <span class='ocrx_word' id='word_1_181' title='bbox 306 2469 513 2551; x_wconf 89' lang='lat' dir='ltr'><strong>desiderium,</strong></span> <span class='ocrx_word' id='word_1_182' title='bbox 536 2472 581 2553; x_wconf 90' lang='lat' dir='ltr'><strong>ut,</strong></span> <span class='ocrx_word' id='word_1_183' title='bbox 604 2467 732 2552; x_wconf 89' lang='lat' dir='ltr'><strong>siquid</strong></span> <span class='ocrx_word' id='word_1_184' title='bbox 756 2471 853 2549; x_wconf 85' lang='lat' dir='ltr'><strong>esset,</strong></span> <span class='ocrx_word' id='word_1_185' title='bbox 876 2467 960 2551; x_wconf 93' lang='lat' dir='ltr'><strong>quod</strong></span> <span class='ocrx_word' id='word_1_186' title='bbox 984 2467 1094 2533; x_wconf 90' lang='lat' dir='ltr'><strong>invisi·</strong></span> <span class='ocrx_word' id='word_1_187' title='bbox 1108 2486 1133 2528; x_wconf 81' lang='lat' dir='ltr'><strong>ss</strong></span> 
     </span>
     <span class='ocr_line' id='line_1_27' title="bbox 80 2556 1093 2642; baseline -0.003 -21"><span class='ocrx_word' id='word_1_188' title='bbox 80 2561 187 2622; x_wconf 91' lang='lat' dir='ltr'><strong>tatum</strong></span> <span class='ocrx_word' id='word_1_189' title='bbox 211 2557 285 2621; x_wconf 89' lang='lat' dir='ltr'><strong>aliis</strong></span> <span class='ocrx_word' id='word_1_190' title='bbox 307 2558 393 2623; x_wconf 84' lang='lat' dir='ltr'><strong>foret</strong></span> <span class='ocrx_word' id='word_1_191' title='bbox 415 2562 512 2642; x_wconf 90' lang='lat' dir='ltr'><strong>atque</strong></span> <span class='ocrx_word' id='word_1_192' title='bbox 536 2557 648 2622; x_wconf 92' lang='lat' dir='ltr'><strong>auditu</strong></span> <span class='ocrx_word' id='word_1_193' title='bbox 673 2557 822 2622; x_wconf 86' lang='lat' dir='ltr'><strong>mirabile</strong></span> <span class='ocrx_word' id='word_1_194' title='bbox 844 2556 1032 2637; x_wconf 85' lang='lat' dir='ltr'><strong>haberetur,</strong></span> <span class='ocrx_word' id='word_1_195' title='bbox 1060 2556 1093 2619; x_wconf 91' lang='lat' dir='ltr'><strong>id</strong></span> 
     </span>
    </p>
   </div>
   <div class='ocr_carea' id='block_1_4' title="bbox 80 2646 1156 2819">
    <p class='ocr_par' dir='ltr' id='par_1_4' title="bbox 80 2646 1156 2819">
     <span class='ocr_line' id='line_1_28' title="bbox 80 2646 625 2730; baseline 0.004 -20"><span class='ocrx_word' id='word_1_196' title='bbox 80 2667 160 2712; x_wconf 87' lang='lat' dir='ltr'><strong>sane</strong></span> <span class='ocrx_word' id='word_1_197' title='bbox 182 2646 388 2711; x_wconf 90' lang='lat' dir='ltr'><strong>resciscerem</strong></span> <span class='ocrx_word' id='word_1_198' title='bbox 411 2647 625 2730; x_wconf 88' lang='lat' dir='ltr'><strong>videremque.</strong></span> 
     </span>
     <span class='ocr_line' id='line_1_29' title="bbox 171 2731 1156 2819; baseline -0.005 -20"><span class='ocrx_word' id='word_1_199' title='bbox 171 2733 229 2800; x_wconf 78' lang='lat'><strong>24.</strong></span> <span class='ocrx_word' id='word_1_200' title='bbox 248 2735 330 2799; x_wconf 77' lang='lat' dir='ltr'><strong>Tum</strong></span> <span class='ocrx_word' id='word_1_201' title='bbox 349 2735 478 2819; x_wconf 84' lang='lat' dir='ltr'><strong>quidam</strong></span> <span class='ocrx_word' id='word_1_202' title='bbox 493 2735 554 2799; x_wconf 88' lang='lat' dir='ltr'><strong>viri</strong></span> <span class='ocrx_word' id='word_1_203' title='bbox 573 2756 613 2798; x_wconf 88' lang='lat' dir='ltr'><strong>ex</strong></span> <span class='ocrx_word' id='word_1_204' title='bbox 631 2733 758 2818; x_wconf 91' lang='lat' dir='ltr'><strong>oppidis</strong></span> <span class='ocrx_word' id='word_1_205' title='bbox 778 2731 1091 2797; x_wconf 89' lang='lat' dir='ltr'><strong>circumsistentibus</strong></span> <span class='ocrx_word' id='word_1_206' title='bbox 1111 2742 1156 2794; x_wconf 80' lang='lat'><strong>38.</strong></span> 
     </span>
    </p>
   </div>
   <div class='ocr_carea' id='block_1_5' title="bbox 78 2904 1094 3605">
    <p class='ocr_par' dir='ltr' id='par_1_5' title="bbox 78 2904 1092 3105">
     <span class='ocr_line' id='line_1_30' title="bbox 173 2904 1092 2963; baseline -0.004 -1"><span class='ocrx_word' id='word_1_207' title='bbox 173 2907 399 2963; x_wconf 86' lang='lat' dir='ltr'><strong>1traneitorium</strong></span> <span class='ocrx_word' id='word_1_208' title='bbox 410 2909 444 2961; x_wconf 92' lang='lat' dir='ltr'><strong>P.</strong></span> <span class='ocrx_word' id='word_1_209' title='bbox 463 2905 741 2962; x_wconf 85' lang='lat' dir='ltr'><strong>transcursoriumA.</strong></span> <span class='ocrx_word' id='word_1_210' title='bbox 783 2904 899 2959; x_wconf 82' lang='lat' dir='ltr'><strong>ttantu</strong></span> <span class='ocrx_word' id='word_1_211' title='bbox 910 2904 944 2958; x_wconf 92' lang='lat' dir='ltr'><strong>P.</strong></span> <span class='ocrx_word' id='word_1_212' title='bbox 988 2905 1092 2958; x_wconf 73' lang='lat' dir='ltr'><strong>uden-</strong></span> 
     </span>
     <span class='ocr_line' id='line_1_31' title="bbox 79 2974 1092 3035; baseline -0.004 -2"><span class='ocrx_word' id='word_1_213' title='bbox 79 2996 141 3034; x_wconf 83' lang='lat' dir='ltr'><strong>sam</strong></span> <span class='ocrx_word' id='word_1_214' title='bbox 159 2981 194 3035; x_wconf 93' lang='lat' dir='ltr'><strong>A.</strong></span> <span class='ocrx_word' id='word_1_215' title='bbox 246 2979 448 3034; x_wconf 75' lang='lat' dir='ltr'><strong>‘lncstratium</strong></span> <span class='ocrx_word' id='word_1_216' title='bbox 466 2978 627 3034; x_wconf 85' lang='lat' dir='ltr'><strong>incubuisse</strong></span> <span class='ocrx_word' id='word_1_217' title='bbox 645 2974 820 3032; x_wconf 84' lang='lat' dir='ltr'><strong>interfecerit</strong></span> <span class='ocrx_word' id='word_1_218' title='bbox 837 2974 870 3030; x_wconf 94' lang='lat' dir='ltr'><strong>P.</strong></span> <span class='ocrx_word' id='word_1_219' title='bbox 922 2974 1092 3029; x_wconf 86' lang='lat' dir='ltr'><strong>9nichilum</strong></span> 
     </span>
     <span class='ocr_line' id='line_1_32' title="bbox 78 3049 462 3105; baseline -0.003 -2"><span class='ocrx_word' id='word_1_220' title='bbox 78 3049 109 3103; x_wconf 89' lang='lat' dir='ltr'><strong>ni</strong></span> <span class='ocrx_word' id='word_1_221' title='bbox 128 3052 269 3104; x_wconf 80' lang='lat' dir='ltr'><strong>tantarum</strong></span> <span class='ocrx_word' id='word_1_222' title='bbox 288 3053 407 3105; x_wconf 86' lang='lat' dir='ltr'><strong>mortem</strong></span> <span class='ocrx_word' id='word_1_223' title='bbox 428 3051 462 3103; x_wconf 94' lang='lat' dir='ltr'><strong>P.</strong></span> 
     </span>
    </p>

    <p class='ocr_par' dir='ltr' id='par_1_6' title="bbox 78 3117 1094 3531">
     <span class='ocr_line' id='line_1_33' title="bbox 169 3117 1093 3186; baseline -0.005 -11"><span class='ocrx_word' id='word_1_224' title='bbox 169 3120 216 3177; x_wconf 75' lang='lat'><strong>23.</strong></span> <span class='ocrx_word' id='word_1_225' title='bbox 236 3127 269 3175; x_wconf 90' lang='grc'><strong>12</strong></span> <span class='ocrx_word' id='word_1_226' title='bbox 289 3121 434 3176; x_wconf 89' lang='lat' dir='ltr'><strong>habuisset</strong></span> <span class='ocrx_word' id='word_1_227' title='bbox 448 3121 482 3175; x_wconf 92' lang='lat' dir='ltr'><strong>A.</strong></span> <span class='ocrx_word' id='word_1_228' title='bbox 502 3120 589 3175; x_wconf 88' lang='lat' dir='ltr'><strong>ferme</strong></span> <span class='ocrx_word' id='word_1_229' title='bbox 603 3136 653 3175; x_wconf 89' lang='lat' dir='ltr'><strong>om.</strong></span> <span class='ocrx_word' id='word_1_230' title='bbox 670 3119 705 3173; x_wconf 91' lang='lat' dir='ltr'><strong>P.</strong></span> <span class='ocrx_word' id='word_1_231' title='bbox 760 3125 793 3173; x_wconf 83' lang='lat'><strong>13</strong></span> <span class='ocrx_word' id='word_1_232' title='bbox 814 3117 972 3172; x_wconf 78' lang='lat' dir='ltr'><strong>Prusiacam</strong></span> <span class='ocrx_word' id='word_1_233' title='bbox 986 3117 1093 3186; x_wconf 77' lang='lat' dir='ltr'><strong>scripsi.</strong></span> 
     </span>
     <span class='ocr_line' id='line_1_34' title="bbox 78 3186 1094 3261; baseline -0.005 -16"><span class='ocrx_word' id='word_1_234' title='bbox 78 3190 210 3247; x_wconf 86' lang='lat' dir='ltr'><strong>Presiaca</strong></span> <span class='ocrx_word' id='word_1_235' title='bbox 227 3192 303 3247; x_wconf 67' lang='grc' dir='ltr'><strong>ΑΡ.</strong></span> <span class='ocrx_word' id='word_1_236' title='bbox 364 3198 396 3247; x_wconf 89' lang='grc'><strong>16</strong></span> <span class='ocrx_word' id='word_1_237' title='bbox 415 3191 548 3246; x_wconf 89' lang='lat' dir='ltr'><strong>Indorum</strong></span> <span class='ocrx_word' id='word_1_238' title='bbox 566 3192 673 3261; x_wconf 75' lang='lat' dir='ltr'><strong>scripsi.</strong></span> <span class='ocrx_word' id='word_1_239' title='bbox 701 3189 771 3245; x_wconf 88' lang='lat' dir='ltr'><strong>Indo</strong></span> <span class='ocrx_word' id='word_1_240' title='bbox 790 3189 868 3246; x_wconf 92' lang='lat' dir='ltr'><strong>A.P.</strong></span> <span class='ocrx_word' id='word_1_241' title='bbox 925 3194 957 3242; x_wconf 88' lang='grc'><strong>19</strong></span> <span class='ocrx_word' id='word_1_242' title='bbox 977 3186 1094 3255; x_wconf 85' lang='lat' dir='ltr'><strong>aurique</strong></span> 
     </span>
     <span class='ocr_line' id='line_1_35' title="bbox 78 3257 1094 3328; baseline -0.007 -10"><span class='ocrx_word' id='word_1_243' title='bbox 78 3278 129 3318; x_wconf 90' lang='lat' dir='ltr'><strong>om.</strong></span> <span class='ocrx_word' id='word_1_244' title='bbox 149 3264 186 3318; x_wconf 89' lang='lat' dir='ltr'><strong>A.</strong></span> <span class='ocrx_word' id='word_1_245' title='bbox 250 3269 284 3317; x_wconf 90' lang='grc'><strong>20</strong></span> <span class='ocrx_word' id='word_1_246' title='bbox 304 3262 526 3318; x_wconf 83' lang='lat' dir='ltr'><strong>existimavimus</strong></span> <span class='ocrx_word' id='word_1_247' title='bbox 545 3264 609 3318; x_wconf 84' lang='lat' dir='ltr'><strong>add.</strong></span> <span class='ocrx_word' id='word_1_248' title='bbox 630 3263 704 3320; x_wconf 81' lang='lat' dir='ltr'><strong>Mai.</strong></span> <span class='ocrx_word' id='word_1_249' title='bbox 768 3267 801 3315; x_wconf 87' lang='grc'><strong>22</strong></span> <span class='ocrx_word' id='word_1_250' title='bbox 821 3260 866 3315; x_wconf 91' lang='lat' dir='ltr'><strong>vel</strong></span> <span class='ocrx_word' id='word_1_251' title='bbox 886 3259 968 3328; x_wconf 87' lang='lat' dir='ltr'><strong>copia</strong></span> <span class='ocrx_word' id='word_1_252' title='bbox 987 3259 1021 3313; x_wconf 91' lang='lat' dir='ltr'><strong>P.</strong></span> <span class='ocrx_word' id='word_1_253' title='bbox 1047 3257 1094 3312; x_wconf 88' lang='lat' dir='ltr'><strong>vel</strong></span> 
     </span>
     <span class='ocr_line' id='line_1_36' title="bbox 79 3328 1092 3399; baseline -0.007 -10"><span class='ocrx_word' id='word_1_254' title='bbox 79 3350 130 3389; x_wconf 88' lang='lat' dir='ltr'><strong>om.</strong></span> <span class='ocrx_word' id='word_1_255' title='bbox 145 3335 180 3388; x_wconf 90' lang='lat' dir='ltr'><strong>A.</strong></span> <span class='ocrx_word' id='word_1_256' title='bbox 210 3334 344 3388; x_wconf 86' lang='lat' dir='ltr'><strong>affluente</strong></span> <span class='ocrx_word' id='word_1_257' title='bbox 357 3335 393 3388; x_wconf 89' lang='lat' dir='ltr'><strong>A.</strong></span> <span class='ocrx_word' id='word_1_258' title='bbox 430 3339 464 3388; x_wconf 86' lang='grc'><strong>23</strong></span> <span class='ocrx_word' id='word_1_259' title='bbox 484 3333 620 3389; x_wconf 89' lang='lat' dir='ltr'><strong>nichilum</strong></span> <span class='ocrx_word' id='word_1_260' title='bbox 635 3334 669 3387; x_wconf 93' lang='lat' dir='ltr'><strong>P.</strong></span> <span class='ocrx_word' id='word_1_261' title='bbox 707 3339 742 3387; x_wconf 89' lang='grc'><strong>24</strong></span> <span class='ocrx_word' id='word_1_262' title='bbox 760 3332 805 3386; x_wconf 87' lang='lat' dir='ltr'><strong>his</strong></span> <span class='ocrx_word' id='word_1_263' title='bbox 821 3331 855 3386; x_wconf 93' lang='lat' dir='ltr'><strong>P.</strong></span> <span class='ocrx_word' id='word_1_264' title='bbox 884 3329 1046 3399; x_wconf 82' lang='lat' dir='ltr'><strong>appetentis</strong></span> <span class='ocrx_word' id='word_1_265' title='bbox 1057 3328 1092 3383; x_wconf 88' lang='lat' dir='ltr'><strong>A.</strong></span> 
     </span>
     <span class='ocr_line' id='line_1_37' title="bbox 78 3400 1094 3527; baseline -0.008 -68"><span class='ocrx_word' id='word_1_266' title='bbox 78 3409 114 3527; x_wconf 54' lang='lat' dir='ltr'><strong>l2¹15</strong></span> <span class='ocrx_word' id='word_1_267' title='bbox 133 3405 310 3459; x_wconf 84' lang='lat' dir='ltr'><strong>invisitatum</strong></span> <span class='ocrx_word' id='word_1_268' title='bbox 329 3407 403 3460; x_wconf 82' lang='lat' dir='ltr'><strong>Mai.</strong></span> <span class='ocrx_word' id='word_1_269' title='bbox 428 3405 595 3460; x_wconf 86' lang='lat' dir='ltr'><strong>inusitatum</strong></span> <span class='ocrx_word' id='word_1_270' title='bbox 614 3406 648 3459; x_wconf 92' lang='lat' dir='ltr'><strong>A.</strong></span> <span class='ocrx_word' id='word_1_271' title='bbox 658 3404 691 3459; x_wconf 94' lang='lat' dir='ltr'><strong>P.</strong></span> <span class='ocrx_word' id='word_1_272' title='bbox 765 3408 799 3457; x_wconf 87' lang='grc'><strong>26</strong></span> <span class='ocrx_word' id='word_1_273' title='bbox 818 3401 946 3457; x_wconf 91' lang='lat' dir='ltr'><strong>auditum</strong></span> <span class='ocrx_word' id='word_1_274' title='bbox 964 3400 1094 3455; x_wconf 83' lang='lat' dir='ltr'><strong>mirabile</strong></span> 
     </span>
     <span class='ocr_line' id='line_1_38' title="bbox 99 3476 250 3531; baseline 0 -1"><span class='ocrx_word' id='word_1_275' title='bbox 99 3476 197 3531; x_wconf 87' lang='lat' dir='ltr'><strong>aberet</strong></span> <span class='ocrx_word' id='word_1_276' title='bbox 214 3477 250 3530; x_wconf 93' lang='lat' dir='ltr'><strong>A.</strong></span> 
     </span>
    </p>

    <p class='ocr_par' dir='ltr' id='par_1_7' title="bbox 164 3546 436 3605">
     <span class='ocr_line' id='line_1_39' title="bbox 164 3546 436 3605; baseline 0.022 -6"><span class='ocrx_word' id='word_1_277' title='bbox 164 3546 213 3601; x_wconf 60' lang='lat'><strong>240</strong></span> <span class='ocrx_word' id='word_1_278' title='bbox 247 3553 282 3601; x_wconf 74' lang='lat'><strong>28</strong></span> <span class='ocrx_word' id='word_1_279' title='bbox 303 3547 380 3603; x_wconf 69' lang='lat' dir='ltr'><strong>TUM</strong></span> <span class='ocrx_word' id='word_1_280' title='bbox 400 3547 431 3601; x_wconf 83' lang='lat' dir='ltr'><em>P</em></span> <span class='ocrx_word' id='word_1_281' title='bbox 429 3589 436 3605; x_wconf 72' lang='grc' dir='ltr'>ι</span> 
     </span>
    </p>
   </div>
   <div class='ocr_carea' id='block_1_6' title="bbox 944 3623 991 3680">
    <p class='ocr_par' dir='ltr' id='par_1_8' title="bbox 944 3623 991 3680">
     <span class='ocr_line' id='line_1_40' title="bbox 944 3623 991 3680; baseline 0 -24"><span class='ocrx_word' id='word_1_282' title='bbox 944 3623 991 3680; x_wconf 51' lang='grc' dir='ltr'>ψ</span> 
     </span>
    </p>
   </div>
   <div class='ocr_carea' id='block_1_7' title="bbox 0 0 1212 3826">
    <p class='ocr_par' dir='ltr' id='par_1_9' title="bbox 0 0 1212 3826">
     <span class='ocr_line' id='line_1_41' title="bbox 0 0 1212 3826; baseline 0 0"><span class='ocrx_word' id='word_1_283' title='bbox 0 0 1212 3826; x_wconf 95' lang='lat' dir='ltr'><strong> </strong></span> 
     </span>
    </p>
   </div>
  </div>
 </body>
</html>
