2386 3832
117 193 183 258 120
534 189 645 246 meua
663 191 709 245 111.

117 357 149 421 id
174 376 275 440 genus
300 355 429 418 aedium
456 375 561 438 neque
588 353 686 438 pretii
710 353 834 419 scilicet
861 351 1011 436 indigens
1036 358 1070 418 ei
1094 354 1134 419 ad

116 444 326 530 flagrantiam
351 443 429 507 solis
454 443 570 508 aestivi
591 442 731 527 apricius
750 441 940 506 habebatur.
977 442 1007 506 Ii
1030 442 1133 528 igilur
1150 450 1181 505 V.

118 556 191 598 cum
206 531 443 615 comperissent
456 529 680 596 Alexandrum
699 530 740 595 ad
756 553 825 596 sese
845 530 1049 615 contendere,
1068 532 1134 616 pri·

118 626 220 686 males
245 642 334 705 suos,
357 642 439 705 quos
468 620 593 685 scilieet
620 643 640 685 a
668 620 847 705 sapientiae
870 620 966 686 modo
990 625 1133 704 censent,

84 710 251 775 sobviare
281 709 470 775 advenianli
498 708 612 774 iubent
642 730 714 773 eum
744 708 865 773 litteris
894 708 1132 774 huiuscemodi:

117 797 430 883 ‘Gymnosophisiae
448 796 650 882 Bragmanes
664 796 847 862 Alexandro
867 797 992 862 homini
1012 798 1191 863 dicunl.17.

118 885 153 952 Si
175 887 282 952 iendis
306 887 346 952 ad
369 908 430 952 nos
454 887 686 971 proeliaturus,
708 887 819 970 utique
842 886 904 949 tibi
926 887 1133 970 propositum

117 980 183 1059 esi,
210 976 288 1063 quid
317 976 413 1041 nobis
442 975 586 1058 adferas,
613 974 713 1039 habes
742 996 857 1058 porro,
886 975 973 1059 quod
997 975 1135 1057 auferas,

117 1065 211 1131 nihil.
248 1062 307 1130 Sin
329 1086 405 1130 vero
428 1065 520 1129 venis
544 1069 580 1128 ul
604 1063 719 1146 discas,
742 1085 824 1149 quae
848 1063 985 1132 anobis
1011 1062 1135 1129 scilicet

78 1155 196 1219 resciri
220 1156 354 1238 queant,
380 1153 471 1217 nulla
500 1155 550 1216 esi
572 1152 777 1217 invidentia..
805 1151 937 1216 Etenim
960 1173 1025 1217 non
1050 1153 1134 1218 arbi·

118 1248 245 1308 namur
264 1243 349 1306 inter
367 1241 464 1305 hasce
483 1240 634 1304 scientias
652 1246 783 1305 nostras
803 1262 936 1305 causam
955 1241 1134 1308 discordiae

118 1333 270 1415 positam,
293 1351 367 1394 cum
386 1328 448 1393 tibi
467 1327 572 1392 amica
594 1349 645 1392 res
664 1329 833 1412 proelium,
857 1328 951 1393 nobis
970 1351 1047 1395 vero
1067 1329 1135 1414 phi·

118 1419 270 1503 losophia
296 1415 476 1481 noscatur?
527 1414 590 1480 His
624 1416 717 1482 lectis
750 1415 936 1482 Alexander
963 1418 1136 1503 pacificum

118 1506 181 1571 iter
205 1526 300 1590 agere
324 1505 481 1589 decrevii3
511 1505 664 1588 videtque
692 1505 840 1571 homines
869 1506 993 1592 reliqua
1021 1508 1136 1584 nudos,

79 1617 106 1659 rs
122 1595 178 1660 sed
211 1595 332 1659 amictu
365 1592 505 1677 simplici
537 1595 753 1678 superieelos,
786 1594 1051 1679 diversantesque
1083 1596 1135 1660 his

120 1683 252 1749 aedibus
268 1705 325 1749 seu
340 1681 512 1767 speluncis,
533 1704 669 1767 quarum
682 1683 797 1749 relatio
813 1705 912 1768 supra
926 1687 985 1749 esd
1012 1684 1135 1749 Eorum

118 1772 180 1837 filii
203 1773 419 1856 coniugesque
442 1770 612 1856 pascendis
636 1773 814 1855 pecudibus
839 1774 1090 1857 occupabantur.

211 1860 267 1927 ll.
283 1861 373 1945 Ergo
387 1860 532 1926 instituit
542 1860 676 1942 Macedo
691 1883 764 1926 oum
771 1860 1027 1927 hiscehactenus
1038 1863 1137 1947 loqui,
1154 1869 1191 1925 Vl

120 1973 157 2016 ac
176 1952 317 2035 primum
333 1951 492 2034 [quamq
510 1972 553 2014 an
571 1949 697 2034 uspiam
711 1950 807 2015 huius
826 1949 932 2036 geniis
951 1950 1136 2017 hominibus
1156 1945 1190 1998 18

79 2061 106 2102 se
120 2041 187 2104 sind
206 2039 386 2124 sepulchra.
427 2039 479 2103 Ad
502 2039 582 2104 haec
600 2059 793 2122 responsum
812 2044 871 2123 esi,
893 2039 980 2105 idem
1000 2040 1063 2103 sibi
1083 2041 1136 2106 do·

120 2129 276 2194 micilium
299 2150 378 2212 essa,
401 2129 487 2213 quod
511 2127 727 2212 sepulchrum,
749 2149 850 2212 eoque
874 2128 1065 2193 consuefieri
1084 2129 1137 2194 his

120 2216 322 2300 diversoriis,
349 2220 387 2280 ui
414 2217 491 2281 dum
518 2216 661 2300 quotidie
689 2217 870 2300 dormiunt,
898 2217 1050 2282 desinant
1077 2218 1137 2282 ali·

123 2305 252 2389 quando
277 2304 425 2388 uigilare,
449 2326 551 2388 exque
576 2326 614 2369 eo
639 2305 701 2369 sibi
724 2327 795 2371 essa
817 2327 917 2370 unam
935 2304 1068 2371 domum
1092 2308 1137 2371 vi·

121 2393 213 2457 venii
246 2393 371 2476 pariter
409 2396 442 2456 el
472 2396 610 2458 mortuo.
665 2393 790 2458 Rursus
824 2395 951 2478 quaerit
986 2416 1025 2458 ex
1062 2396 1138 2474 alio,

79 2502 106 2544 as
122 2483 272 2544 utrumne
302 2481 412 2563 plures
440 2481 507 2546 vivi
540 2502 580 2544 an
617 2485 738 2546 mortui
773 2487 972 2566 palarentur.
1022 2483 1074 2547 Ad
1104 2484 1138 2548 id

119 2591 314 2653 responsum
339 2573 403 2653 est,
426 2569 529 2668 videri
554 2569 684 2653 quidem
707 2571 867 2655 plurimos
891 2575 1051 2656 mortuos,
1080 2573 1138 2637 sed

210 2856 226 2904 a
247 2851 337 2908 aava
355 2829 467 2921 apauli
485 2854 521 2908 n.
549 2851 643 2922 apua
661 2854 733 2907 nas.
765 2852 814 2906 Hs
833 2853 868 2907 A.
894 2869 944 2908 om.
962 2834 1015 2908 ns
1044 2852 1138 2922 apa-
1158 2917 1163 2927 x

119 2922 212 2977 malos
231 2923 264 2979 P.
326 2924 472 2978 4cessent
490 2923 526 2977 A.
590 2923 772 2979 cadventati
790 2922 826 2978 A.
859 2930 924 2993 poet
942 2923 1138 2979 huiuscemodi

119 2995 253 3049 inseritur
266 2995 299 3049 ia
312 2992 363 3048 Α..·
381 2993 559 3049 EPISTOLA
574 2993 967 3051 GYMNOSOPHISTARUM
981 2993 1032 3048 AD
1050 2993 1138 3049 ALE-

120 3063 314 3120 XANDRVM.
352 3071 368 3121 6
388 3064 634 3135 Gimnosophietae
653 3066 840 3136 Dragmaules
852 3066 888 3119 A.
912 3069 1093 3135 tragmannes
1102 3066 1137 3121 P.

121 3141 136 3189 7
156 3136 254 3204 utique
268 3135 323 3190 tibi
336 3135 529 3206 praepositum
543 3138 630 3192 estA.
653 3134 752 3205 utique
766 3135 821 3192 tibi
833 3135 1021 3206 propositoP.
1040 3137 1138 3191 inutili

119 3205 174 3261 cibi
192 3205 340 3275 proposito
360 3208 419 3262 Mr.
471 3207 603 3263 9venies
622 3208 654 3263 P.
712 3214 744 3262 10
762 3224 818 3262 non
837 3224 888 3262 om.
907 3207 942 3261 A.
1000 3212 1033 3261 14
1051 3223 1137 3278 agero

120 3277 277 3401 decreverlip
285 3278 321 3331 A,
340 3278 542 3402 aggqqderetur
551 3279 583 3334 P.
603 3295 672 3334 corr.
687 3280 762 3334 Mai.
800 3284 833 3332 15
853 3279 1137 3347 deversantesqueA.

122 3353 155 3403 16
174 3365 222 3403 seu
270 3364 382 3403 ‚secus
429 3390 436 3404 .

202 3417 259 3473 ³11.
284 3423 318 3474 18
337 3420 381 3475 his
403 3419 436 3475 P.
507 3424 539 3473 19
559 3420 670 3488 quaerit
688 3421 795 3474 addidi.
863 3426 897 3473 22
916 3421 949 3474 ul
967 3421 1027 3475 Mr.
1055 3423 1086 3476 et
1104 3420 1136 3474 P.

104 3486 161 3537 sod
175 3488 212 3541 A.
259 3493 295 3543 2⁶
316 3488 374 3546 vivi
394 3490 429 3546 P.
454 3489 582 3546 viverent
599 3491 635 3544 A.
661 3490 698 3544 ad
716 3490 803 3559 idque
822 3491 857 3544 A.
899 3496 934 3545 26
952 3492 1032 3546 aerbo
1053 3492 1137 3546 ‘mor-

92 3553 178 3606 taos
195 3558 307 3629 r'rch'm'r}
325 3564 448 3619 alterum
466 3563 571 3632 folium
590 3562 757 3618 Bosilecase.
773 3561 826 3616 sed
841 3563 873 3614 ei
888 3578 937 3615 eos
955 3563 990 3614 B.
