2414 3826
134 170 178 236 94
445 203 452 217 .
557 170 666 224 uisas
683 171 717 225 11.

134 334 259 418 cipibus
283 332 477 398 aedacibus
501 333 583 415 suis,
611 354 692 417 quos
719 332 780 396 tali
804 332 951 398 convivio
975 332 1148 418 dignanter

135 421 307 506 acceperit,
334 421 463 504 privata
484 421 603 506 pocula
624 421 695 485 fieri
719 423 818 503 sinat,
846 442 1068 506 quaecumque
1098 445 1146 488 ac-

134 511 278 594 ceperint
295 509 484 577 haurienda.
527 509 620 586 Quod
643 529 722 594 ergo
745 511 1018 594 magnanimitate
1041 511 1094 576 illi
1116 516 1147 576 te

135 620 262 683 quoque
280 619 392 682 parem
411 598 569 681 ducerem,
591 619 659 663 non
681 599 716 662 in
735 598 966 663 contumeliam
987 600 1146 665 traxeris?

108 687 207 753 cHoe
224 687 449 752 blandimento
467 686 751 771 responsionisque
775 687 845 751 eius
865 687 972 771 gratia
994 709 1068 752 cum
1092 711 1148 754 rex

134 776 295 860 ceterique
322 775 479 859 permulsi
507 778 630 858 essent,
660 775 906 840 admirationem
937 777 986 841 sui
1018 777 1147 842 silentio

133 864 347 929 testabantur.

225 952 283 1036 27.
321 951 383 1018 Sed
406 951 440 1017 id
463 952 628 1017 silentium
647 951 748 1016 ferme
772 952 813 1017 ad
830 953 1011 1038 perieulum
1029 955 1149 1040 vergit.

134 1040 226 1107 Unus
249 1042 368 1127 quippe
391 1063 431 1106 ex
454 1041 714 1120 convivantibus
742 1041 794 1105 cui
816 1043 1010 1106 vocabulum
1032 1041 1147 1107 Pasar-

94 1151 120 1192 ιο
134 1150 190 1215 ges
221 1134 305 1214 erat,
334 1130 413 1197 olim
440 1129 584 1213 Philippi
610 1129 755 1212 hospitio
784 1133 932 1213 receptus
965 1133 998 1194 ct
1025 1131 1147 1196 ibidem

133 1217 355 1284 Alexandrum
383 1219 481 1282 etiam
509 1238 644 1301 puerum
673 1219 892 1302 conspicatus,
922 1219 1085 1303 paulatim
1113 1221 1148 1284 in

133 1307 323 1371 memoriam
346 1307 496 1370 relabens
520 1304 657 1370 eundem
679 1306 787 1390 ipsum
811 1329 890 1390 esse,
915 1328 1010 1391 quem
1034 1309 1146 1393 opina-

133 1396 242 1477 batur,
271 1395 380 1459 animo
409 1394 588 1459 confirmat.
635 1393 761 1460 Sensim
784 1395 885 1480 igitur
907 1395 1022 1481 Dario,
1051 1419 1147 1482 quem

134 1483 426 1567 comprehenderit,
463 1481 622 1569 Pasarges
654 1484 843 1548 intimatum
875 1485 973 1551 venit.
1032 1484 1147 1571 quue

94 1573 1148 1749 ¹⁵lft‘lu‘301ltlllspll{effluillllltsszutl

132 1748 196 1830 ipsi
211 1746 395 1814 Alexandro
409 1749 527 1833 prodit,
546 1749 579 1812 id
598 1750 693 1832 enim,
712 1750 799 1831 quod
818 1754 978 1835 evenerat,
996 1755 1063 1817 iam
1082 1753 1147 1837 pri·

133 1837 205 1901 dem
220 1837 329 1904 animo
345 1838 554 1923 suspectanti.
586 1836 724 1922 Unaque
736 1859 809 1902 oum
823 1839 959 1923 poculis,
974 1862 1057 1924 quae
1072 1841 1147 1905 sinu

133 1931 266 2012 gestans
286 1926 437 2010 habebat,
461 1926 611 1992 conclave
630 1927 791 2011 procurrit
812 1927 921 2012 ibique
940 1950 1000 2012 pro
1020 1929 1146 1994 foribus

92 2036 119 2079 ao
133 2016 266 2080 offendit
284 2038 383 2081 unum
398 2038 415 2081 e
430 2015 537 2080 Persis
557 2036 683 2099 equum,
703 2037 766 2100 quo
786 2015 940 2081 advectus
958 2016 1075 2103 fuerat,
1095 2019 1146 2083 de·

131 2105 299 2172 tinentem.
344 2104 395 2170 Na
424 2105 500 2190 quid
527 2105 629 2190 igitur
653 2106 830 2185 [videretur]
856 2107 1086 2190 improperiter
1112 2108 1148 2171 in

131 2214 166 2257 re
184 2194 242 2257 tali
261 2192 385 2278 fecisse,
407 2192 575 2259 custodem
593 2194 668 2279 equi
686 2193 795 2278 gladic
813 2194 965 2278 perfodit,
988 2194 1145 2261 adscenso

133 2285 242 2344 autem
266 2302 303 2345 eo
328 2282 424 2366 fugae
448 2282 597 2346 consulit.
644 2281 736 2357 Quod
759 2282 815 2346 ubi
838 2282 944 2347 Persis
968 2283 1075 2349 visum
1098 2285 1146 2350 in-

131 2368 360 2452 tellectumque
383 2371 447 2452 est,
475 2390 603 2452 quaqua
625 2371 745 2453 raptim
769 2392 860 2435 arma
883 2392 1010 2457 capere,
1037 2374 1147 2457 ipsum

92 2477 260 2540 aequoque
283 2456 463 2542 fugientem
484 2458 612 2539 insequi
630 2459 858 2543 properabant
898 2458 997 2524 Enim
1021 2466 1055 2525 et
1077 2462 1145 2526 illis

131 2545 259 2611 molitio
287 2545 411 2610 tardior
439 2549 472 2610 et
494 2545 678 2618 Alexandro
708 2547 869 2613 efficacior
891 2549 971 2634 fuga
994 2555 1077 2634 erat,
1106 2572 1144 2615 ec

133 2635 218 2720 quod
249 2635 447 2719 intempesta
479 2635 544 2701 iam
574 2640 668 2701 nocte
701 2658 801 2720 eaque
832 2636 932 2701 nullis
965 2639 1061 2703 lunae
1092 2638 1145 2703 ad-

131 2723 295 2788 miniculis
317 2724 448 2790 inlustri
471 2725 637 2809 aliquanto
660 2725 864 2790 cunctantius
888 2727 958 2810 regi
982 2727 1144 2812 gradienti

132 2813 317 2897 subpetiata
347 2817 398 2879 est
426 2813 511 2878 forte
542 2814 640 2878 etiam
670 2814 796 2897 lampas
827 2836 866 2879 ex
896 2815 1001 2880 obvio.
1053 2815 1143 2892 Quae

24 2924 27 2929 ·
90 2921 117 2963 so
131 2923 204 2966 cum
224 2902 286 2966 sibi
304 2903 493 2986 praelucens
512 2902 694 2986 facesseret,
718 2924 755 2966 eo
775 2907 809 2967 et
826 2903 897 2987 ipse
915 2906 1144 2989 properantius

131 2994 164 3054 et
185 2990 277 3055 nullo
300 2992 361 3055 tali
389 2990 532 3056 subsidio
556 2989 676 3057 Persae
703 2992 828 3056 tardius
853 2993 1033 3078 agitabant.
1081 2992 1142 3059 Sed

132 3079 218 3143 enim
236 3079 356 3145 Darius
380 3081 538 3145 maestior
557 3079 674 3146 damno
698 3080 799 3164 elapsi
822 3080 938 3163 hostis,
961 3103 1034 3146 cum
1057 3082 1143 3147 inter

220 3259 321 3323 3srgo
341 3255 397 3309 Mr.
431 3270 483 3324 ego
504 3254 538 3307 P.

113 3362 116 3367 -
219 3323 267 3380 27.
288 3330 322 3378 10
341 3327 370 3380 et
383 3326 489 3395 scripsi.
510 3324 541 3379 at
549 3324 583 3379 P.
623 3330 655 3379 11
675 3325 850 3395 conspicatus
858 3327 916 3380 Mr.
937 3324 1142 3381 continatnsP.

129 3399 163 3450 21
189 3395 331 3450 videretur
358 3397 422 3452 odd.
448 3395 521 3450 Keil.
594 3401 628 3450 22
654 3396 788 3451 adscenso
815 3399 922 3466 scripsi.
956 3414 1075 3454 accenso
1106 3399 1139 3452 P.

100 3478 106 3491 ·
130 3470 165 3519 24
183 3482 296 3534 quaqua
313 3465 419 3537 raptim
434 3468 492 3521 Mr.
512 3482 682 3535 quamquam
695 3468 800 3536 partim
816 3469 850 3523 P.
887 3474 921 3523 26
941 3485 974 3523 eo
993 3470 1070 3536 quod
1084 3469 1141 3524 Mr.

113 3535 176 3586 nisi
189 3535 271 3601 qnod
285 3536 320 3590 B
397 3543 432 3594 29
451 3536 618 3608 subpetiata
636 3539 745 3609 scripsi.
767 3540 913 3609 subpetita
932 3539 966 3592 P.
