2414 3826
180 166 359 223 EPISTULA
376 167 594 223 ALEXANDRI
613 169 662 224 AD
681 167 946 226 ARISTOTELEM.
1000 169 1064 234 201

57 353 92 396 se
116 333 333 415 comparante.
375 328 437 396 Sed
461 335 493 395 et
515 331 780 416 vespertilionum
805 332 853 396 vis
877 331 991 417 ingens
1015 354 1066 397 co·

55 419 176 484 lumbis
201 441 334 502 corpore
359 420 509 504 aequales
532 420 566 484 in
589 441 646 484 ora
668 421 842 504 vultusque
865 424 995 486 nostros
1018 421 1067 485 in·

56 509 255 573 ferebantur.
293 506 469 572 Habebunt
493 512 600 572 autem
624 509 734 573 dentes
757 509 793 572 in
815 531 938 574 morem
961 510 1067 574 homi-

56 619 145 680 num,
169 596 285 680 quibus
310 600 398 661 artus
422 597 562 661 militum
586 596 764 661 violabant.

148 684 223 749 Una
236 688 405 768 praeterea
423 685 500 749 novi
515 684 642 770 generis
657 685 764 750 bestia
784 687 887 750 maior
900 686 1071 770 elephante
1098 706 1112 750 o

60 773 242 857 comparuit
259 774 366 837 tribus
386 777 513 838 armata
530 773 564 837 in
578 772 685 837 fronte
704 774 865 858 cornibus,
885 796 983 858 quam
999 775 1072 840 Indi

60 863 226 947 appellare
245 862 545 945 odontatyrannum
568 861 660 926 soliti
683 865 767 944 sunt,
790 883 872 945 equo
892 864 997 928 simile
1021 885 1071 928 ca-

59 954 120 1036 put
143 954 309 1035 gerentem
338 951 401 1014 atri
430 950 555 1014 coloris.
601 948 671 1014 Nea
693 953 807 1034 potata
835 973 919 1034 aqua
942 953 1072 1017 intuens

58 1043 168 1105 castra
192 1039 300 1103 subito
325 1038 481 1123 impetum
505 1038 540 1102 in
562 1059 622 1102 nos
647 1039 747 1116 dedit,
775 1060 835 1102 nec
858 1039 946 1122 ignis
970 1060 1072 1123 oppo-

62 1129 134 1192 sitis
158 1127 305 1191 tardatur
330 1127 507 1192 ardoribus.
552 1125 605 1190 Ad
629 1149 726 1210 quam
755 1127 976 1192 sustinendam
999 1149 1072 1192 cum
1087 1149 1112 1191 ro

62 1217 287 1300 opposuissem
310 1214 523 1280 Macedonum
549 1236 681 1279 manum
708 1216 844 1299 triginta
872 1238 927 1280 sex
955 1216 1073 1281 occidit

60 1310 93 1370 et
128 1305 364 1390 quinquaginta
396 1308 462 1369 tres
499 1304 639 1369 calcatos
675 1304 808 1369 inutiles
845 1304 924 1369 fecit
956 1305 1072 1390 vixque

59 1395 165 1478 ipsam
189 1393 327 1457 defixam
350 1392 517 1457 venabulis
542 1392 726 1458 occidimus.

151 1481 236 1546 Ante
269 1482 420 1546 lucanum
452 1481 565 1546 deinde
597 1485 725 1565 tempus
762 1481 801 1546 de
841 1481 931 1547 coelo
964 1486 1072 1566 pestes

61 1593 178 1636 venere
211 1570 345 1634 candido
378 1569 518 1653 respersi
546 1569 654 1634 colore
686 1571 720 1634 in
748 1569 880 1635 modum
909 1593 1072 1637 zonarum.
1087 1591 1113 1631 15

60 1658 142 1725 Cum
166 1658 283 1743 quibus
307 1680 415 1722 mures
438 1657 541 1722 ludici
564 1658 598 1722 in
621 1663 729 1724 castra
751 1660 947 1744 pergebant,
969 1661 1073 1744 vulpi·

60 1749 121 1812 bus
153 1747 283 1827 similes.
338 1744 483 1821 Quorum
512 1768 622 1810 morsu
652 1746 823 1812 vulnerata
853 1749 1074 1832 quadrupedia

62 1835 176 1900 statim
201 1835 419 1918 exspirabant,
440 1834 626 1899 hominibus
651 1839 758 1899 autem
783 1857 908 1901 morsus
931 1858 998 1901 non
1021 1859 1073 1902 us·

62 1945 124 2006 que
148 1922 187 1987 ad
210 1923 378 1988 interitum
400 1923 572 1990 nocebant.

151 2010 447 2096 Appropinquante
484 2012 555 2076 luce
591 2011 813 2076 nocticoraccs
845 2033 961 2076 venere
997 2034 1072 2077 aves
1087 2033 1114 2076 ao

62 2100 245 2165 vulturibus
277 2102 415 2184 similes,
448 2122 584 2184 quorum
616 2121 752 2183 corpora
783 2100 819 2162 in
848 2100 1074 2185 magnitudine

62 2189 279 2273 superabant,
316 2189 422 2254 colore
452 2187 572 2272 divini,
606 2188 694 2253 fulvo
735 2192 841 2253 rostro
875 2188 1074 2273 pedibusque

61 2279 172 2362 nigris.
225 2277 342 2342 Totam
374 2277 483 2362 stagni
513 2277 713 2360 complevere
746 2278 850 2362 ripam
882 2299 948 2343 non
980 2279 1073 2344 nobis

63 2367 241 2451 perniciem
266 2367 455 2449 inferentes,
483 2366 538 2430 sed
567 2366 681 2431 solitos
708 2367 814 2450 pisces
842 2389 915 2432 cum
943 2368 1072 2453 ungulis

62 2454 277 2519 detrahebant
292 2455 595 2539 consumebantque.
629 2453 715 2530 Quas
729 2478 789 2521 nos
810 2478 886 2520 aves
905 2477 1011 2540 neque
1025 2456 1073 2521 fu-
1088 2478 1114 2520 es

154 2690 167 2735 1
189 2683 356 2736 columbinis
371 2683 532 2752 corporibus
543 2685 582 2738 H.
619 2690 635 2737 3
655 2683 806 2738 Habebant
819 2683 926 2754 autem]
936 2682 1074 2737 habentes

60 2751 141 2806 H.V.
182 2758 197 2805 6
217 2751 387 2823 comparuit]
399 2753 479 2807 affuit
488 2754 528 2809 H.
565 2760 581 2808 8
600 2770 700 2823 gerens
710 2754 749 2807 H.
757 2753 788 2806 V.
808 2752 880 2823 Nec]
891 2753 943 2807 hec
953 2752 1030 2809 HV.
1040 2754 1074 2807 P.

60 2822 173 2877 intuens
193 2822 242 2875 sed
262 2826 392 2878 castras.
420 2826 452 2878 ia
468 2824 498 2878 V.
514 2829 577 2878 cate
592 2826 685 2878 castra
698 2839 808 2878 rosceto.
868 2823 1027 2891 9'0ppositi
1043 2825 1073 2879 V.

60 2892 174 3018 pu,
187 2893 427 3017 sanas..
451 2899 485 2948 10
656 2914 703 3018 c
730 2900 761 2976 ¹2-
1002 2895 1076 3019 ra

60 2981 208 3088 viddonis
227 3005 266 3090 H.
326 3039 359 3086 14
379 3034 414 3115 de
430 2964 518 3089 ddbld
530 2981 1076 3116 pedidilmquaeddhillnihdliaeadrodi-

60 3108 118 3160 stes
137 3106 175 3158 H.
244 3109 278 3159 15
296 3120 416 3174 respersr
437 3104 506 3160 (11³.
536 3122 611 3161 versi
629 3105 703 3160 mH.
725 3109 829 3175 (versae
850 3105 901 3174 V.).
931 3121 1062 3160 zonarum

61 3193 193 3230 ranarum
208 3175 248 3231 H.
287 3181 319 3230 17
339 3175 475 3231 animalia
488 3175 682 3246 quadrupedia
695 3177 733 3232 H.
773 3181 805 3230 18
824 3176 932 3248 autem]
946 3176 1021 3231 idem
1068 3219 1075 3232 .

59 3264 169 3301 morsus
188 3264 284 3301 eorum
296 3246 324 3301 0.
376 3253 408 3301 21
429 3263 548 3316 quorum
557 3247 613 3302 Ed.
624 3248 714 3303 Bosil.
743 3247 855 3316 quan.
875 3264 925 3301 om.
940 3252 987 3302 cet.
1015 3263 1075 3301 cor-

60 3335 129 3387 pora
146 3316 176 3371 in
195 3317 387 3387 magnitudine
403 3339 433 3373 ω.
463 3333 577 3386 corpore
597 3320 625 3372 et
650 3317 846 3387 magnitudine
869 3318 898 3371 V.
926 3333 1074 3388 corporum

60 3388 253 3458 magnitudine
270 3389 297 3444 0.
329 3406 477 3458 corporum
495 3388 670 3444 immanitate
683 3389 723 3444 H.
777 3386 1074 3446 aediviniom.1>.0.

62 3459 127 3514 divo
139 3460 170 3514 V.
189 3459 361 3530 lividiStaip.
406 3466 440 3514 24
459 3460 580 3514 ferentes
588 3460 663 3515 aaH.
683 3458 798 3530 solitos]
810 3458 1000 3514 sollicitosir.
1016 3477 1090 3508 am

60 3530 174 3600 ungulis
185 3530 372 3587 detrahebant
382 3548 432 3588 om.
441 3531 481 3588 H.
523 3536 558 3588 ‘25
576 3532 722 3604 lugeres.
736 3527 936 3601 iugaretffl.
950 3523 1112 3586 &ww
1172 3548 1198 3665 q
