2414 3826
397 178 511 236 Aenus
529 179 755 261 Apnmunar.
1027 181 1070 246 89

59 343 101 407 ad
131 342 287 407 ultionem
319 363 416 425 quam
446 343 489 407 ad
518 344 772 410 misericordiam
805 347 902 428 queat
933 344 1087 410 flectera'

57 431 134 497 Non
158 431 258 515 igitur
281 429 361 495 adeo
384 433 552 513 pertaesos
575 433 653 498 deos
676 433 770 519 regni
793 434 857 498 mei
881 436 914 498 et
937 432 1070 497 orientis

59 520 111 586 sui
134 540 204 584 esse
228 519 314 584 sedis
339 519 504 606 existimo,
530 524 568 585 ut
595 520 636 585 ad
665 521 797 588 occidua
819 525 927 586 tecum
949 520 1071 604 pariter

58 607 233 694 migraturi
251 608 326 673 sint.
365 606 453 683 Quos
477 629 538 695 ego
560 611 671 690 [weles]
692 610 775 676 facio
794 610 930 694 iureque
953 609 1071 673 ultioni
1101 687 1103 691 ἢ

57 719 150 764 meae
174 696 300 761 debitae
323 718 390 762 non
413 696 589 762 defuturos.
634 697 686 764 An
714 702 751 764 tu
776 702 871 783 putas
895 698 1015 763 servire
1037 701 1098 763 tes

58 786 142 851 mihi
165 785 282 850 artifici
309 785 384 850 isto'
397 785 569 871 obsequio²
596 787 684 869 quod
711 789 808 852 matri
836 788 1005 872 coniugive
1033 808 1071 851 uc

58 875 172 940 liberis
195 873 277 938 meis
296 874 437 938 clemens
460 873 518 939 es?
558 872 717 958 Equidem
736 879 815 959 puto
834 880 972 941 matrem
989 874 1072 939 mihi

58 965 94 1028 in
107 963 185 1028 deos
202 962 318 1047 abisse,
336 962 423 1027 filios
443 983 519 1028 vere
537 985 598 1028 nec
617 968 784 1047 susceptos
799 964 929 1047 quidem
943 962 1073 1046 habere,

59 1073 121 1117 nec
141 1051 310 1136 coniugem
328 1050 491 1117 habuisse.
529 1050 614 1128 Quin
633 1055 740 1137 magis
759 1052 868 1118 omnia
886 1051 967 1116 haec
985 1051 1071 1116 ferro

60 1143 95 1205 et
117 1138 262 1205 vindicta
289 1143 515 1224 persecuturus
544 1161 624 1206 sum.
672 1139 797 1223 Quippe
826 1141 854 1205 si
883 1140 1005 1205 iaceres
1035 1161 1071 1205 ac
1085 1165 1113 1206 rc

23 1302 30 1311 ,
59 1228 162 1294 velles
193 1249 305 1293 eorum
332 1227 470 1312 aliquid,
501 1229 587 1312 quod
616 1230 802 1295 iracundiae
832 1250 922 1293 meae
949 1227 1073 1293 mederi

58 1316 234 1402 potuisset,
261 1317 330 1400 ipse
360 1316 400 1381 ad
426 1339 478 1382 me
507 1317 642 1402 supplex
669 1318 796 1383 venires
825 1339 862 1384 ac
888 1317 1074 1404 poenitens3

59 1407 147 1472 foret
166 1405 261 1489 enim,
284 1408 321 1469 ut
337 1408 483 1471 vertente
507 1407 695 1472 adveniam
714 1407 823 1472 animo
846 1407 898 1472 his
920 1410 955 1472 te
974 1407 1074 1472 hono·

59 1495 152 1560 ribus
179 1514 464 1578 prosequeremur,
496 1495 613 1579 quibus
644 1497 676 1559 te
706 1495 768 1560 diis
800 1500 975 1579 aequatum
1004 1517 1075 1561 esse

60 1583 270 1669 gratularere.
316 1582 408 1659 Quod
433 1582 461 1666 si
484 1604 550 1648 non
573 1582 682 1667 facias,
707 1586 948 1670 senescemus,
972 1606 1112 1669 quan-1⁵

58 1677 131 1737 tum
154 1671 299 1754 libuerit,
325 1671 361 1735 in
383 1691 482 1736 meos.
526 1669 641 1756 Neque
665 1673 752 1737 enim
782 1678 888 1740 mater
915 1678 972 1739 aut
1000 1695 1074 1739 con·

59 1761 117 1826 iux
139 1780 242 1844 neque
268 1759 361 1824 liberi
389 1760 500 1825 habiti
517 1760 707 1826 clementius
732 1761 773 1826 ad
796 1761 1073 1826 mansuetudinem

61 1871 115 1914 me
136 1853 383 1933 praevenerunt.
428 1847 538 1913 Habes
566 1849 669 1934 igitur
696 1850 851 1914 mandata
873 1848 953 1914 haec
977 1853 1074 1932 atque

60 1958 226 2022 suprema;
257 1937 465 2020 respondeto,
491 1937 577 2022 quod
602 1938 705 2019 voles,
735 1939 935 2020 alterumque
961 1939 1073 2020 optato

59 2030 113 2093 vel
137 2030 337 2111 exspectato,
360 2025 394 2090 id
417 2029 468 2091 est
489 2025 617 2090 veniam
641 2025 720 2088 mali
743 2046 785 2088 an
807 2022 968 2108 poenam?
1088 2050 1115 2090 ro

150 2114 241 2181 Haec
265 2136 338 2180 cum
360 2114 479 2179 laetior
501 2112 687 2178 Alexander
711 2112 854 2178 audisset
878 2113 1007 2196 suisque
1029 2113 1075 2176 le-

62 2205 175 2290 gisset,
192 2203 262 2287 ipse
281 2224 408 2288 quoque
422 2202 600 2286 respondit,
618 2223 686 2268 ncn
705 2202 812 2266 minus
832 2202 895 2267 sibi
909 2205 1074 2287 pertaesas

63 2313 134 2359 esse
149 2292 408 2375 vaniloquentiae
428 2295 461 2357 et
478 2290 653 2358 iactantiae
671 2291 814 2377 barbari,
833 2313 930 2375 quam
946 2313 1076 2377 sperare

60 2382 155 2447 illum
188 2380 251 2446 diis
284 2401 411 2465 quoque
443 2380 570 2446 infestis
603 2381 683 2446 haec
716 2380 837 2465 dicere,
869 2381 988 2466 quippe
1021 2379 1076 2466 qui

62 2471 183 2535 timens
207 2473 240 2534 et
263 2479 352 2534 metu
374 2469 517 2553 percitus
540 2471 760 2536 constantiam
782 2470 890 2536 verbis
913 2470 1076 2536 inconsul·
1089 2493 1118 2536 aa

62 2559 203 2624 ticribus
226 2558 379 2643 fingeret,
405 2578 518 2623 verum
546 2562 658 2643 ageret
685 2581 754 2623 rem
782 2559 937 2624 timentis.
984 2558 1077 2635 Quod

61 2646 988 2802 stltlltlffltlttllllltzltltflmaliti
1010 2667 1077 2798 s

61 2829 174 2904 temen
192 2785 342 2908 protinus
366 2823 406 2889 ad
429 2824 537 2908 ipsum
561 2844 630 2889 esse
649 2758 841 2908 venturum}³
854 2823 950 2889 modo
975 2821 1004 2886 ei
1023 2804 1077 2885 ad·

63 2917 182 2980 ventus
205 2913 260 2978 ille
280 2913 395 2978 aeteri·
415 2911 525 2978 Persis
543 2913 696 2996 placeret,
719 2911 835 2996 quibus
855 2911 965 2996 utique
984 2930 1076 2992 prae·
1090 2923 1117 2976 at

62 3003 163 3067 terita
195 3002 415 3086 experimenta
446 3000 656 3085 displiceant3
690 3021 788 3084 quare
827 3021 846 3065 a
883 3021 917 3064 se
950 3018 1078 3082 quoque

155 3271 171 3320 3
191 3280 252 3320 esse
276 3264 350 3319 sadis
373 3263 431 3319 Mr,
468 3264 596 3334 secede·
619 3265 652 3319 P.
691 3264 765 3318 sedis
788 3263 872 3320 deleri
893 3262 952 3318 cult
975 3260 1077 3315 Eberh.

64 3339 189 3392 4teetee
208 3337 272 3392 add.
283 3336 340 3391 Mr.
384 3340 400 3388 8
419 3335 633 3393 habereSclulee.
653 3335 744 3389 habeo
755 3335 787 3390 P.
830 3339 863 3389 10
881 3333 1078 3403 persecuturus

64 3409 172 3478 scripsi.
201 3410 415 3476 prosecuturum
436 3408 470 3462 P.
518 3407 721 3474 musquetum
741 3405 842 3461 Eterh.
871 3404 1023 3473 equantum
1044 3402 1080 3454 P.
1162 3436 1165 3439 x

66 3484 101 3534 18
119 3479 325 3549 praevenerunt
343 3478 376 3532 P.
399 3477 605 3546 praeverterint
623 3477 728 3535 Eterlc.
780 3481 816 3533 ‘ru
838 3488 1000 3540 eurumque
1012 3482 1102 3520 reue-

62 3549 180 3604 rentiam
198 3547 255 3603 Mr.
285 3565 381 3604 eorum
400 3549 566 3610 reverentia
586 3551 620 3612 P.
