2414 3826
94 142 133 197 VI
490 141 708 197 PRAEFATIO.

95 306 248 370 exsistere
256 302 282 392 ¹)
306 307 338 368 et
361 304 445 368 diem
469 326 653 388 supremum
683 306 752 370 eius
777 303 966 392 celebrari²)
993 307 1111 373 confir·

94 399 172 458 mat.
218 393 364 478 Denique
388 394 473 478 quod
495 391 648 457 Valerius
673 394 712 458 de
740 395 829 459 cultu
853 396 1010 480 anguium
1036 397 1112 460 Ale·

94 482 252 547 xandrino
280 482 394 546 tradit:
428 481 567 563 ‘eiusque
593 502 659 547 nos
685 484 761 547 otott
786 488 815 548 et
841 484 942 549 adbuc
969 483 1111 549 Alexan·

94 572 184 635 driae
218 572 378 654 relipiosns
414 576 459 635 est
488 571 544 636 snb
574 572 739 654 penatium
775 574 901 636 deornm
932 573 1047 637 honore
1083 579 1113 638 et

93 661 184 724 statis
214 661 318 725 diebos
350 664 454 725 suetas
485 659 544 724 cole'
573 680 657 724 neore
686 659 852 726 eiusmodi'
883 663 942 726 etc.
974 658 1018 745 (Ι,
1042 659 1112 748 29),

94 747 128 811 id
157 751 231 812 ante
260 749 422 812 saeculum
447 748 595 832 quintum
619 749 775 832 scriptum
800 770 870 813 esse
892 748 1002 815 Moses
1026 748 1111 815 (lho-

95 837 239 901 reneusis
268 837 374 921 docet,
402 859 474 902 cunr
501 836 594 900 illam
622 837 888 902 consuetudinem
917 860 976 902 sua
1003 842 1111 903 aetate

95 925 264 990 evanuisse
283 923 464 1012 testaturss).
505 925 633 989 Dixerit
655 926 736 1010 quis,
760 947 799 990 ex
822 927 879 1010 eis,
902 948 985 1011 quae
1005 927 1110 992 adhuc

97 1037 117 1077 a
138 1014 232 1079 nobis
256 1018 410 1098 congesta
434 1018 523 1097 sunt,
550 1013 634 1077 nihil
661 1015 772 1100 colligi
794 1036 904 1098 posse,
932 1019 1109 1099 propterea

96 1103 180 1186 quod
205 1104 313 1168 omnia
336 1125 388 1186 ea,
417 1103 533 1187 quibus
560 1123 620 1166 nos
649 1103 689 1166 ad
712 1109 861 1188 tempora
883 1102 961 1167 Iulii
984 1102 1111 1168 Valerii

95 1191 278 1255 definienda
296 1191 348 1255 usi
362 1192 472 1274 simus,
492 1213 530 1254 ex
549 1190 726 1275 archetypo
742 1191 864 1257 Graeco
884 1194 1015 1276 sumpta
1035 1193 1110 1259 sint.

95 1280 141 1342 At
163 1277 266 1343 Iulius
284 1278 436 1344 Valerius
458 1300 524 1343 nou
547 1278 593 1342 ita
617 1300 710 1343 suam
734 1280 772 1344 de
797 1280 982 1345 Alexandro
1006 1281 1110 1346 histo-

95 1366 177 1430 riam
201 1368 356 1451 confecit,
379 1371 416 1430 ut
437 1368 644 1451 verbotenus,
669 1390 751 1452 quae
774 1367 895 1433 Graece
918 1369 1053 1455 legeret,
1075 1370 1110 1434 in

95 1475 276 1520 sermonem
298 1455 452 1520 Latinum
475 1459 624 1521 uerteret.
669 1456 784 1541 ltaque
809 1457 836 1521 si
860 1457 945 1541 apud
970 1479 1043 1521 eum
1067 1458 1110 1522 le·

96 1544 203 1627 gimus
232 1543 313 1610 ‘eins
340 1564 406 1610 neos
433 1545 510 1609 oiott
537 1543 652 1609 adbae'
677 1543 773 1610 ‘dien
799 1547 978 1610 etiamnunc
1003 1566 1109 1612 socra-

94 1631 249 1697 tissirnnm
265 1632 387 1698 babent'
406 1631 533 1717 aliaque
554 1633 721 1718 eiusmodi,
741 1634 779 1698 de
798 1634 878 1717 ipsis
897 1633 972 1697 Iulii
987 1629 1110 1700 Valerii

93 1722 295 1805 temporibus
319 1722 461 1805 cogitare
485 1721 570 1787 licet.
1105 1760 1107 1764 ,

183 1808 321 1875 Constat
355 1811 455 1894 igitur
489 1813 564 1875 ante
597 1809 772 1875 Theodosii
806 1813 957 1894 tempora
988 1810 1108 1876 lulium

95 1895 264 1963 Valerium
288 1898 465 1983 scripsisse.
512 1897 575 1964 Sed
598 1899 791 1964 arctioribus
814 1899 933 1963 finibus
958 1903 1108 1983 tempora

94 1987 163 2052 eius
193 1988 515 2073 circumscripserunt
544 2009 617 2053 curn
647 1984 833 2074 Klugius4),
864 1990 934 2051 tum
965 1989 1107 2053 maxime

94 2074 197 2140 Iulius
221 2075 386 2164 Zachar5).
431 2075 476 2141 Hi
504 2077 589 2141 enim
613 2075 793 2141 docuerunt
820 2079 985 2142 auctorem
1008 2076 1108 2142 Itine-

94 2166 171 2228 rarii
190 2166 377 2248 Alexandri,
401 2186 494 2250 quem
519 2165 605 2229 inter
628 2186 731 2230 annos
755 2164 818 2231 341
844 2167 876 2228 et
900 2163 966 2229 345
986 2165 1108 2230 librum

94 2274 188 2317 suum
221 2253 394 2319 Constanti
427 2252 622 2337 Imperatori
655 2253 820 2318 dedicasse
852 2256 982 2318 constat
989 2304 997 2338 ,
1031 2254 1108 2318 Iulii

92 2338 217 2405 Valerii
239 2341 378 2407 historia
405 2363 499 2404 usum
527 2362 607 2405 esse.
653 2340 722 2406 Nec
748 2345 859 2406 tamen
886 2344 963 2406 ante
988 2364 1108 2407 annum

184 2588 209 2655 1)
228 2586 361 2659 Eripitnr
388 2602 451 2658 erpo
478 2587 557 2643 aedes
583 2603 665 2657 qnam
694 2587 814 2642 monimo
840 2604 919 2657 opere
949 2589 987 2642 ad
1016 2589 1109 2644 instar

92 2657 195 2726 templi,
213 2658 284 2727 qnod
302 2659 460 2714 etiamnunc
477 2658 637 2714 Alexandri
653 2659 816 2715 nominatur
832 2657 881 2727 ΠΙ,
896 2662 941 2712 67.

182 2730 210 2798 2)
231 2728 328 2783 Obitus
346 2735 436 2784 annm
454 2730 513 2785 eins
531 2731 602 2785 diem
620 2731 702 2785 etiarn
719 2745 794 2786 nnnc
807 2728 1001 2785 Alexandriae
1013 2745 1108 2785 sacra

93 2799 228 2854 tissimum
245 2801 345 2855 babent
362 2799 466 2870 111,oo.

182 2871 210 2936 3)
229 2870 278 2925 Aa
295 2872 459 2942 viaet-eino
477 2871 510 2926 de
527 2870 625 2940 Donpa‘
647 2887 684 2925 on
706 2889 740 2926 ne
762 2871 862 2927 encore
879 2872 949 2940 plns
972 2875 1038 2925 cette
1055 2872 1109 2938 fe'te

92 2941 220 3010 insensee,
239 2958 273 2996 en
287 2946 460 2997 cornonnant
473 2943 519 2998 des
533 2943 602 2998 tetes
615 2942 648 2996 de
662 2943 768 3012 elcanae,
787 2943 907 2997 adorant
925 2943 971 2998 des
989 2957 1109 3009 serpens,

92 3012 263 3067 dietnbnant
288 3013 334 3067 des
357 3012 479 3083 patenae
504 3014 557 3067 etc.
602 3011 727 3067 Histoire
753 3011 912 3068 d'Armenie
959 3029 991 3067 ar
1017 3011 1107 3068 Molse

94 3081 129 3136 de
157 3083 301 3147 Khorene‚
333 3082 419 3138 Texta
449 3086 478 3138 et
504 3082 666 3138 traduction
692 3083 830 3154 franceise
857 3100 911 3153 par
937 3032 968 3137 B.
996 3081 1028 3137 E.
1067 3084 1107 3137 Le

92 3151 219 3208 Vaillant
233 3154 267 3208 de
282 3151 415 3223 Florival,
434 3154 539 3209 Vened.
556 3158 633 3209 1841.
653 3153 684 3207 Τ.
694 3152 729 3224 Il,
747 3172 776 3224 p.
789 3159 847 3209 171.
884 3155 920 3209 cf.
940 3154 1106 3223 Lumbroso,

92 3222 222 3294 L'Egitto
242 3224 270 3278 al
288 3227 384 3295 tempo
403 3224 449 3279 dei
468 3224 549 3280 Greci
568 3241 583 3279 e
601 3225 730 3289 Romani,
749 3226 829 3281 Rom.
850 3230 928 3293 1882,
947 3243 974 3295 p.
992 3229 1052 3280 139.

182 3296 210 3364 4)
229 3294 271 3351 De
289 3295 437 3350 itinerario
455 3295 608 3351 Alexandri
626 3296 677 3363 M„
694 3294 885 3351 Vratislaviae
906 3301 986 3350 1881.

183 3370 209 3432 ὁ)
227 3365 532 3435 Pseudocallisthenes,
559 3366 759 3437 Forschungen
783 3384 832 3420 zur
853 3366 949 3421 Kritik
972 3366 1029 3420 und
1053 3364 1106 3420 Ge·

93 3434 221 3492 echichte
240 3437 289 3491 der
307 3437 429 3492 altesten
446 3436 659 3506 Antaeichnung
678 3437 728 3491 der
745 3437 980 3507 Alexandersage.
1021 3437 1106 3492 Helle

83 3511 163 3561 1867,
191 3525 224 3575 p,
240 3512 331 3576 18sq.
