2414 3826
385 178 503 236 uerus
521 177 742 235 ιιιιιιιιιιιιιι.
1048 179 1069 245 3

53 347 216 425 tueretur,
239 342 410 427 Olympias
433 342 544 407 refert:
569 339 673 417 Quid
695 341 743 406 ita
767 341 931 426 defigeris,
954 364 973 407 o
997 362 1069 425 pro·

21 427 167 520 pheta,
122 431 280 498 tubi
270 453 337 496 ram
356 451 406 495 me
425 427 597 496 intuerisl'
634 429 680 494 At
696 430 766 496 ille:
790 429 966 496 Recordor
984 432 1070 495 enim

52 544 142 589 nunc
161 520 289 586 demum
309 519 479 585 oraculi
451 541 530 603 e1us,
553 518 639 620 quod
659 519 743 603 apud
762 518 947 603 Aegyptum
971 542 989 582 a
1008 519 1070 583 diis

55 631 260 695 acceperam,
289 611 438 692 oportere
466 629 517 672 me
540 607 671 692 reginae
694 629 771 673 vera
794 609 978 692 praedicere
1001 629 1070 692 per-

56 698 232 769 cunctanti.
262 695 368 774 Quare
383 697 515 762 consule
534 717 632 781 super
650 695 790 780 cupitis?
818 696 863 761 nt
876 719 948 762 cum
964 697 1069 762 verbis
1098 721 1111 762 a

55 788 188 854 tabulas
202 786 333 870 promit,
351 808 431 870 quas
445 785 582 869 peritiae
601 784 735 850 huiusce
750 784 838 852 docti
851 785 999 869 pinacem
1013 807 1071 850 no-

56 876 276 960 minaverunt,
294 894 370 958 opus
388 874 467 939 adeo
486 873 578 938 fabre
599 874 793 953 absolutum,
816 877 853 939 ut
871 873 990 940 artifex'
1008 897 1072 939 ma-

55 988 119 1031 nus
135 968 276 1030 certasse
290 966 459 1048 putaretur
479 984 551 1027 cum
566 962 642 1027 bino
658 962 860 1046 eloquentiae
874 964 1071 1028 testimonio.

56 1058 150 1120 Auro
174 1053 260 1117 enim
284 1055 318 1116 et
341 1053 438 1116 ebore
458 1052 618 1116 variatum
636 1051 779 1134 pretium
799 1051 850 1114 sui
872 1073 945 1116 curn
964 1053 1072 1136 operis

57 1141 274 1208 admiratione
297 1140 516 1206 contenderat
562 1139 645 1204 Turn
672 1139 794 1223 promit
780 1140 918 1204 tetiam
948 1144 1072 1242 septem
1087 1165 1112 1204 ιο

57 1253 141 1316 quas
160 1232 286 1333 reparet
304 1229 468 1294 stellast
435 1250 452 1293 e
454 1228 701 1330 thoroscopum
721 1229 852 1312 pariter,
870 1228 1034 1313 quibus
1009 1251 1072 1293 sin·

58 1319 147 1407 gulis
178 1319 228 1383 sui
257 1322 324 1383 met
310 1318 382 1382 talli
412 1317 534 1402 species
565 1320 642 1382 erat.
694 1317 804 1382 lovem
836 1319 921 1382 enim
951 1320 1073 1383 viseres

58 1429 155 1474 aereo
188 1407 295 1492 lapide
327 1409 567 1491 nuncupatum,
602 1404 709 1470 Solem
742 1407 914 1490 crystallo,
946 1406 1072 1472 Lunam

58 1497 216 1563 adamant
218 1518 248 1579 e,
202 1494 358 1560 tMart
344 1499 409 1560 tem
434 1494 504 1561 dici
521 1495 581 1560 sub
604 1495 711 1579 lapide
735 1517 808 1560 ema
808 1498 885 1579 tite3
911 1496 968 1560 sed
990 1495 1072 1561 Mer-

58 1584 170 1652 curius
185 1605 224 1648 ex
239 1583 411 1669 smaragdo
426 1583 488 1647 fuit
474 1581 616 1666 t,Venus
635 1605 713 1648 vero
729 1585 904 1669 sapphiria,
915 1583 972 1650 Sat
958 1591 1072 1650 turnus
1088 1609 1113 1648 15

57 1677 95 1740 in
119 1673 245 1757 ophite,
271 1677 341 1738 tum
369 1673 570 1755 horoscopus
594 1672 755 1757 lygdinus.
800 1673 927 1738 Exinde
951 1675 1073 1739 mirans

59 1762 232 1846 Olympias
250 1761 376 1845 pinacis
399 1760 487 1825 illius
506 1760 703 1843 opulentiam
725 1762 954 1848 stellarumque
978 1764 1073 1828 mira-

57 1852 161 1917 bilem
175 1849 368 1916 varietatem
383 1852 516 1933 propter
531 1850 687 1914 sessitans
702 1850 792 1914 iubet
807 1873 901 1916 omne
915 1853 1073 1917 facessere

58 1938 277 2024 famulitium,
314 1937 369 2022 qui
406 1937 541 2002 aderant
577 1938 641 2002 sibi
678 1961 715 2001 ex
749 1939 930 2004 ministerio
962 1941 1074 2025 regali,

58 2033 98 2094 ut
118 2047 270 2093 arcanum
292 2046 460 2092 samonem
484 2030 547 2091 tuto
570 2027 779 2104 committeret,
807 2031 840 2091 et
867 2028 927 2092 ait:
956 2027 1000 2093 ‘0
1029 2034 1075 2113 tu,
1088 2049 1115 2089 ιι

60 2138 193 2203 quaeso,
216 2116 342 2180 intuere
366 2136 470 2179 meam
495 2118 528 2178 et
545 2113 692 2197 Philippi
716 2116 975 2199 congruentiam
998 2139 1075 2181 nam

60 2207 167 2272 multa
189 2204 277 2269 fama
301 2210 363 2287 est,
386 2203 486 2289 quod,
509 2203 537 2268 si
561 2202 701 2268 adfuerit
724 2225 761 2268 ex
785 2204 926 2289 hostico,
950 2206 1075 2271 abiecta

60 2317 114 2360 me
137 2293 217 2360 velit
239 2293 274 2357 in
297 2293 434 2357 alteram
453 2291 673 2377 transiugari.'
714 2292 766 2357 Ad
784 2293 865 2359 haec
883 2295 953 2360 ille:
979 2294 1075 2372 ‘Quin

61 2404 139 2467 ergo
160 2382 312 2465 deprome
330 2382 382 2445 vel
400 2383 491 2445 tuam
510 2381 562 2445 vel
580 2380 724 2467 Philippi
744 2383 949 2466 genituram?
983 2385 1075 2462 Quod

60 2494 136 2537 cum
153 2471 212 2535 illa
230 2469 370 2554 fecisset,
392 2467 602 2534 Nectanabus
627 2472 739 2535 statim
758 2494 850 2536 suam
870 2496 997 2559 quoque
1021 2475 1075 2539 ad·
1090 2493 1116 2534 ιι

59 2561 154 2625 hibet
172 2559 452 2624 constellationem
465 2559 707 2644 exploraturus,
731 2582 771 2625 an
796 2562 854 2625 illa
877 2585 949 2626 cum
969 2561 1077 2646 Olym-

60 2649 169 2734 piadis
180 2648 330 2733 genitura
345 2647 531 2713 conveniret
544 2648 786 2733 voluntatisque
796 2649 964 2733 potiretur.
985 2648 1077 2724 Quod

61 2761 135 2804 cum
159 2736 229 2802 fore
253 2735 527 2822 deprehendisset,
549 2737 625 2802 hinc
649 2759 742 2803 orsus
768 2742 831 2802 est:
856 2736 948 2801 ‘Non
971 2737 1077 2822 vana,'

61 2826 181 2910 inquit,
205 2823 284 2889 ‘ista
308 2825 348 2890 ad
372 2829 405 2889 te
427 2824 516 2889 foma
538 2827 699 2912 pervenit,
727 2826 783 2890 sed
806 2826 893 2891 enim
916 2847 993 2890 vera
1016 2828 1073 2890 est.

60 2916 135 2999 Ego
164 2918 275 2978 tamen
303 2935 340 2979 ac
370 2913 409 2995 si·
425 2914 603 2998 prophetes
633 2938 672 2980 ex
699 2915 851 3000 Aegypto
882 2914 1078 3000 opitulabor,
1091 2935 1117 2975 ιο

153 3129 169 3178 6
193 3121 411 3178 nominaberunt
432 3127 459 3174 Τ.
534 3128 549 3177 '1
574 3139 642 3194 opus
666 3126 773 3180 addidi.
847 3131 862 3180 9
886 3124 1026 3179 bariatum
1050 3131 1076 3178 Τ.

63 3195 129 3250 sui?
148 3199 264 3250 suol'r.
309 3198 341 3247 11
361 3209 430 3261 quas
449 3197 563 3262 rogaret
580 3196 686 3264 scripsi.
716 3213 819 3264 quae..
830 3197 932 3253 ..retr
960 3196 1078 3264 quiaque

61 3267 119 3335 fere
137 3267 243 3321 litteras
262 3265 346 3334 tepere
363 3280 419 3319 ιιοιι
433 3270 565 3333 poteram.
658 3272 691 3320 13
711 3283 774 3322 ereo
793 3271 820 3322 r
913 3271 945 3320 16
966 3266 1076 3322 ofiter.

61 3335 196 3407 lygdinus
215 3335 246 3390 E
271 3337 294 3390 't
321 3335 460 3404 lignus'r
553 3341 586 3390 18
605 3336 751 3394 facessere
771 3339 806 3406 cf.
826 3337 901 3406 Seru.
921 3337 1076 3407 Euplouut

62 3410 96 3466 in
114 3408 220 3464 Donat
239 3352 294 3460 fi
296 3405 346 3476 (.Κ
366 3406 399 3460 G.
418 3405 453 3460 L
474 3406 507 3460 I
500 3405 526 3450 V
536 3410 657 3478 porr)
714 3415 746 3463 19
765 3412 798 3464 ut
816 3423 1085 3464 arcanum-uom-

62 3479 191 3534 mitteret
214 3493 264 3534 om.
289 3407 385 3543 istu
317 3476 478 3607 apppleui
499 3495 533 3536 ea
536 3425 659 3540 pthdice
683 3480 858 3553 Ooeoaieusi,
880 3484 999 3538 auctum
1013 3478 1104 3533 *lou

400 3549 548 3616 mactat
570 3557 648 3633 crit.)

60 3565 165 3603 manno.
203 3549 254 3617 (In
271 3548 329 3603 Iul.

932 3641 975 3698 h*
