2414 3826
196 731 453 807 EPISTOLA
480 731 785 808 ALEXANDRI
810 733 1123 813 MACEDONIS

170 868 241 942 AD
268 866 640 943 ARISTOTELEM
666 867 979 946 MAGISTRUM
1007 873 1151 950 SUUM

152 1006 223 1079 DE
251 1004 465 1078 ITINERE
494 1002 595 1080 SUO
628 1005 700 1078 ET
726 1005 798 1079 DE
826 1004 948 1083 SITU
974 1008 1167 1085 INDIAE.

244 1175 377 1261 Semper
405 1198 529 1242 memor
556 1177 606 1241 tui
634 1177 731 1243 etiam
759 1179 845 1243 inter
870 1179 969 1245 dubia
995 1182 1165 1248 bellorum·

127 1288 217 1350 aque
244 1270 431 1329 nostrorum
459 1266 616 1350 pericula,
644 1266 809 1331 carissime
835 1274 1032 1353 praeceptor
1060 1293 1099 1337 ac
1126 1293 1166 1336 se

154 1353 297 1418 cundum
319 1355 457 1416 matrem
481 1376 587 1418 meam
607 1376 803 1439 sororesque
825 1378 914 1421 meas
935 1360 1166 1443 acceptissima,

153 1446 186 1505 et
215 1442 367 1526 quoniam
397 1444 431 1505 te
461 1442 605 1507 deditum
633 1443 860 1527 philosophiae
888 1466 1064 1532 noveram„
1095 1447 1164 1514 scri·

152 1530 292 1594 bendum
321 1529 384 1594 tibi
413 1530 451 1594 de
479 1530 668 1614 regionibus
695 1531 810 1597 Indiae
839 1554 875 1597 ac
903 1534 943 1598 de
972 1539 1067 1602 statu
1091 1536 1165 1603 coeli

152 1618 393 1702 innumerisque
417 1620 615 1704 serpentium
640 1623 673 1683 et
695 1619 864 1686 hominum
882 1621 1096 1708 ferarumque
1118 1646 1164 1710 ge

111 1736 138 1776 ro
152 1709 283 1773 neribus
317 1707 517 1791 existimavi,
552 1711 590 1771 ut
624 1708 745 1792 aliquid
777 1731 836 1792 per
866 1732 1030 1776 novarum
1062 1734 1166 1778 rernm

152 1796 353 1883 agnitionem
378 1795 485 1860 studio
510 1798 543 1859 et
566 1797 696 1881 ingenio
720 1798 825 1880 possit
848 1798 1010 1864 accedere.
1052 1799 1165 1877 Quam-

152 1909 249 1971 quam
273 1887 306 1949 in
330 1887 363 1948 te
386 1889 611 1950 consummata
633 1885 805 1968 prudentia
828 1887 1020 1972 nullumque
1047 1890 1165 1956 adiuto-

151 1977 236 2040 rium
267 1973 451 2057 expostuiet
482 1973 566 2037 ratio
597 1973 779 2059 doctrinae,
812 1997 895 2059 quae
927 1999 948 2040 a
980 1980 1016 2041 te
1049 1981 1165 2064 tuoque

152 2065 280 2129 saeculo
312 2083 349 2126 ac
378 2061 497 2126 futuris
525 2063 726 2146 temporibus
757 2063 945 2149 conveniat,
974 2069 1106 2152 tamen,
1133 2070 1166 2133 ui

109 2179 134 2219 rs
152 2175 225 2217 mea
245 2154 339 2236 gesta
358 2170 578 2234 cognosceres,
602 2173 684 2235 quae
707 2151 826 2237 diligis,
850 2155 882 2217 et
903 2173 945 2217 ne
969 2155 1052 2239 quid
1074 2156 1166 2221 inusi-

151 2244 257 2304 tatum
284 2239 437 2323 haberes,
467 2261 504 2304 ea
535 2261 617 2322 quae
646 2240 681 2303 in
710 2239 807 2305 India
835 2241 903 2306 vidi
931 2263 991 2324 per
1024 2265 1165 2310 summos

151 2329 280 2392 labores
304 2349 341 2391 ac
363 2328 508 2409 pericula
526 2327 749 2410 Macedonum,
773 2329 944 2394 scribenda
963 2331 1029 2396 tibi
1048 2332 1165 2417 putavi.

151 2416 283 2482 Etenim
307 2419 383 2480 sunt
404 2415 502 2501 digna
520 2417 698 2481 memoriae
717 2418 848 2503 singula
872 2439 909 2483 ac
928 2420 1044 2486 multis
1064 2422 1164 2487 modis

151 2508 355 2589 coacervata,
378 2526 472 2588 quem
497 2505 536 2570 ad
559 2506 690 2570 modum
710 2506 851 2591 inspexi,
876 2529 943 2572 non
967 2509 1164 2576 credideram

240 2751 274 2806 L.
287 2777 319 2796 =
332 2750 396 2806 Ood.
411 2750 489 2806 Leid.
504 2750 577 2805 Voss.
595 2749 625 2820 Q.
640 2753 685 2806 20.
699 2750 807 2807 membr.
821 2767 889 2806 saec.
906 2752 967 2808 IX.
1011 2755 1046 2810 G.
1057 2781 1092 2800 =
1104 2755 1163 2810 Cod.

154 2821 387 2893 Guelferbytanus
405 2821 478 2891 Auo.
498 2826 603 2888 56,16.
625 2822 731 2876 membr.
751 2820 790 2875 8⁰.
814 2838 883 2878 auec.
905 2823 943 2877 X.
998 2824 1036 2880 Β.
1052 2851 1086 2873 =
1103 2825 1163 2881 Cod.

151 2893 242 2949 Paria
264 2898 347 2948 8518.
371 2893 478 2946 membr.
502 2891 542 2946 8⁰.
565 2908 633 2947 auec.
657 2893 689 2946 X
708 2893 750 2947 cel
774 2893 833 2947 XI.
890 2894 935 2948 Μ.
950 2919 985 2940 =
1002 2895 1068 2952 coa.
1088 2895 1162 2951 Leid.

151 2964 225 3020 Voss.
248 2964 278 3033 Q.
298 2967 343 3019 29.
362 2964 556 3018 membraneo.
578 2963 615 3017 X.
668 2983 696 3016 u.
713 2987 746 3009 ==
762 2979 908 3019 coenemus
925 2965 1025 3021 toruae
1043 2969 1162 3023 codicum

151 3035 185 3090 L.
193 3035 268 3091 dn.
277 3036 320 3088 M.
398 3033 430 3086 V.
445 3059 479 3078 =
495 3032 559 3089 Ood.
574 3033 724 3090 Vindotou.
745 3038 807 3102 150,
826 3035 891 3089 oIIm
913 3035 993 3092 Unio.
1013 3041 1079 3095 803.
1098 3051 1161 3093 aare.

153 3107 254 3160 XIII.
364 3103 392 3159 θ.
417 3129 450 3149 =
474 3103 537 3160 Ood.
559 3104 650 3159 Poris.
673 3109 773 3160 17509.
799 3107 906 3160 oranda
932 3106 972 3161 4⁰.
997 3125 1068 3164 suec.
1088 3108 1162 3163 XII.

153 3177 187 3230 P.
204 3202 237 3222 =
253 3177 317 3233 God.
339 3176 430 3230 Paria.
450 3179 534 3230 4880.
557 3177 664 3230 membr.
688 3177 736 3242 sol.
754 3193 822 3232 auce.
844 3177 943 3233 XIII.
999 3180 1040 3235 H.
1055 3206 1088 3227 ι-
1103 3179 1160 3236 Ood.

151 3248 231 3303 Ler'd.
249 3248 302 3302 Nr.
318 3251 364 3304 20.
384 3246 491 3301 naembr.
510 3247 558 3314 fol.
576 3261 645 3301 caeo.
666 3247 746 3301 XII.
770 3278 803 3289 -
829 3252 845 3301 8
864 3247 1030 3317 regionibus
1050 3251 1089 3306 H.
1116 3265 1158 3321 ge·

150 3317 263 3373 neribus
283 3338 313 3372 ω.
345 3317 508 3386 regionibus
527 3333 596 3372 corr.
616 3317 817 3386 acgeneribus
837 3318 870 3374 G.
917 3323 951 3372 12
971 3322 1160 3395 cousummats

147 3388 188 3443 sit
208 3389 260 3472 V..
304 3386 757 3518 1175inusitatum]inuisitatum?
829 3394 862 3445 18
881 3387 995 3444 Etenim
1013 3408 1072 3449 non
1089 3390 1158 3447 Μ·

134 3475 279 3517 memorre
326 3507 332 3520 .
