2414 3826
135 195 198 262 166
550 195 660 252 LIBER
677 195 725 250 111.

133 361 226 444 regni
249 360 313 423 mei
336 359 407 423 fieri
428 380 656 423 successorem.
697 356 760 422 Sed
783 359 870 424 enim
894 360 922 425 si
943 359 1045 424 fuerit
1068 355 1143 425 mihi

132 449 218 511 filius
243 470 259 511 e
284 447 431 531 Roxane,
458 447 535 512 huic
557 469 677 511 nomen
700 451 733 511 et
756 468 891 532 regnum
915 452 1067 513 nostrum
1091 471 1144 534 pa-

133 537 213 600 riter
236 536 481 601 concedendum.
523 536 617 612 Quod
641 537 670 599 si
692 558 709 600 e
732 535 869 601 Roxane
892 537 1003 622 puella
1026 538 1143 621 edetur,

134 625 178 688 sit
200 623 412 689 Macedonum
437 626 541 709 optio,
566 647 739 709 quemnam
763 625 826 689 sibi
849 647 959 711 regem
982 625 1049 711 ipsi
1074 627 1144 691 sub·

105 714 282 779 astituant.
319 712 460 798 Optatus
483 736 581 796 porro
605 714 865 798 constitutusque
887 736 945 778 rex
963 713 1144 800 Argiadum

132 803 257 886 regiam
271 806 476 886 veteremque
490 802 711 886 principatum
731 824 861 866 servare
876 802 1015 868 debebit
1048 803 1145 868 Hisce

131 890 324 956 Macedones
339 895 495 956 consueta
504 890 695 974 dependent
719 890 903 974 Olympiadi
913 895 1034 976 autem,
1049 892 1145 956 matri

132 998 237 1064 meae,
268 983 296 1045 si
322 981 370 1045 ita
397 981 500 1064 volet,
533 979 644 1044 licebit
671 978 780 1045 Rhodi
808 980 924 1065 degere
954 981 1008 1044 vel
1036 980 1073 1044 in
1101 1003 1145 1063 eo,

132 1091 226 1153 quem
250 1068 384 1134 malebit
407 1069 493 1152 lucc,
519 1068 693 1151 accipienti
720 1072 837 1133 cuncta
860 1069 952 1152 haec,
981 1091 1067 1152 quae
1096 1091 1145 1134 me

92 1177 119 1218 10
133 1159 306 1242 superstite
339 1152 603 1242 consequebatur.
656 1154 863 1221 Praefectum
897 1161 1008 1221 autem
1040 1155 1144 1224 Mace·
1159 1163 1190 1216 91.

132 1246 246 1311 doniae
277 1245 448 1310 Craterum
483 1247 555 1309 fieri
588 1245 707 1309 mando
741 1246 834 1329 eique
865 1244 1011 1330 Philippi
1043 1247 1145 1312 filiam

131 1335 306 1419 coniugari.
352 1333 524 1397 Philonem
556 1334 655 1398 etiam
682 1334 777 1398 iubeo
806 1335 968 1417 satrapiae
996 1357 1145 1418 praeesse

130 1422 391 1505 Hellesponticae
411 1423 581 1486 universae
599 1444 795 1506 uxoremque
819 1423 849 1486 ei
871 1423 942 1486 fieri
960 1422 1074 1488 Olciae
1099 1447 1146 1489 so·

131 1532 246 1574 rorem.
293 1508 531 1594 Cappadociam
560 1532 687 1595 quoqne
715 1512 767 1576 vel
795 1511 1058 1597 Paphlagoniam
1084 1513 1146 1577 Eu·

91 1618 117 1659 15
131 1599 219 1663 meni
241 1598 415 1682 regendam
433 1600 580 1682 permitti
598 1601 715 1684 placet
760 1599 827 1664 Eos
851 1622 937 1683 vero,
961 1600 1018 1683 qui
1040 1601 1078 1664 in
1099 1601 1145 1666 in·

132 1687 213 1751 sulis
226 1691 310 1766 sunt,
324 1687 445 1752 liberos
461 1688 574 1772 suique
588 1689 668 1753 iuris
684 1711 755 1753 esse
764 1689 937 1773 praecipio.
956 1688 1146 1775 Antigonus

131 1775 247 1841 Cariae
267 1777 399 1860 praesit,
423 1773 648 1860 Casanderque
669 1776 834 1860 Boeotiae,
858 1779 968 1861 eisque
993 1780 1145 1844 omnibus

70 1874 76 1881 '
130 1887 280 1950 praeesse
310 1866 520 1949 Antipatrum
551 1866 725 1949 oportebit.
775 1864 866 1931 Uton
894 1864 1009 1949 Syriae
1039 1873 1146 1934 rector

131 1959 210 2019 estu.
247 1955 449 2037 Babyloniae
468 1977 544 2019 vero
569 1959 603 2018 et
626 1955 841 2019 adiacentium
864 1955 1036 2039 regionum
1057 1979 1146 2039 prac-

90 2063 116 2103 eo
130 2043 204 2108 ficio
229 2041 406 2109 Seleucum.
452 2043 636 2107 Phoenicen
662 2066 700 2107 ao
729 2041 857 2128 Syriam
881 2040 1002 2108 Coelen
1025 2043 1146 2110 Melea-

131 2153 190 2217 gro
214 2133 389 2217 regendam
412 2133 558 2215 permitti
582 2132 722 2215 decrevi,
749 2131 939 2217 'Aegyptum
963 2131 1146 2218 Perdiccae,

130 2221 269 2303 Libyam
297 2220 500 2304 Ptolomaeo,
530 2221 582 2284 cui
611 2221 712 2285 etiam
740 2219 948 2304 Cleopatram
976 2222 1147 2307 coniugari

132 2308 305 2391 oportebit,
324 2329 467 2371 sororem
482 2331 597 2373 meam.
631 2309 813 2392 Regionum
828 2331 934 2392 porro,
950 2331 1033 2393 quae
1048 2333 1147 2395 supra

131 2395 351 2476 Babyloniam
375 2401 459 2477 sunt,
483 2418 592 2460 curam
611 2396 810 2462 Phanocrati
830 2398 975 2480 permitti
993 2400 1146 2484 praecepi

91 2502 117 2544 25
131 2483 225 2567 eique
248 2505 382 2547 uxorem
406 2483 561 2548 Roxanen
586 2485 794 2550 Bactrianam
818 2486 897 2550 dari.

220 2569 279 2635 59.
304 2571 364 2635 His
384 2572 486 2656 igitur
509 2574 660 2639 omnibus
681 2575 799 2638 mando
823 2575 1054 2659 repositorium
1079 2598 1145 2642 cor·
1161 2579 1196 2635 95.

130 2660 202 2745 pori
225 2683 297 2725 meo
321 2660 392 2725 fieri
415 2663 485 2726 auri
508 2684 701 2746 magnorum
725 2663 922 2728 talentorum
947 2685 1012 2729 sex.
1053 2665 1146 2742 Quis·
1176 2736 1181 2746 ,

131 2772 192 2834 que
221 2755 328 2815 autem
352 2749 564 2815 Macedonum
588 2752 859 2817 Thessalorumve
888 2754 1075 2835 provectior
1105 2755 1147 2818 sit

131 2843 238 2902 aetate
262 2845 359 2922 atque
383 2840 423 2904 ad
448 2840 554 2904 solum
577 2842 718 2925 genitale
741 2841 881 2905 voluerit
904 2841 965 2923 ire,
995 2842 1048 2905 his
1076 2843 1146 2907 fieri

219 3001 373 3063 2regnum
392 3013 485 3049 meum
507 2996 541 3050 P.
596 3001 612 3049 3
633 2996 730 3051 edetur
751 2997 785 3050 P.
809 2996 892 3051 detur
910 2999 946 3051 A.
972 3007 975 3012 '
1003 2998 1146 3067 aregiam

130 3068 310 3134 veteremque
328 3070 385 3122 Mr.
412 3067 521 3135 regiam
540 3084 590 3121 om.
609 3069 645 3122 A.
673 3071 797 3122 veterem
816 3068 890 3121 A.P.
918 3067 970 3122 His
991 3069 1025 3124 P.
1064 3069 1145 3123 lde·

130 3138 257 3204 pendant
276 3136 310 3189 P.
373 3136 528 3192 9malebit
545 3139 581 3192 A.
610 3139 728 3192 malevit
745 3140 777 3193 P.
806 3138 941 3193 mavelit?
997 3144 1032 3193 10
1051 3143 1146 3194 autem

130 3224 200 3262 corr.
220 3225 253 3261 ea
271 3224 338 3262 vero
356 3209 392 3260 A.
431 3214 463 3262 12
483 3207 632 3262 Philonam
650 3211 686 3264 A.
712 3210 830 3264 filiolam
850 3210 884 3264 P.
910 3210 1054 3265 Philotam
1074 3211 1144 3266 Mai.

133 3283 166 3331 13
186 3276 282 3332 Olciae
300 3280 407 3348 occupet.
437 3278 498 3332 Olci
516 3279 551 3334 A.
560 3281 594 3333 P.
673 3286 705 3334 1⁶
724 3281 878 3350 gerendam
897 3282 934 3335 A.
1014 3287 1048 3336 16
1066 3299 1145 3350 prac-

131 3349 205 3416 cipio
223 3350 259 3403 A.
288 3349 418 3418 praecepi
440 3350 472 3403 P.
519 3356 551 3405 17
570 3350 664 3406 boetie
683 3352 758 3407 ΑΡ.
807 3357 839 3405 18
858 3352 933 3407 Uton
953 3353 988 3405 A.
1017 3353 1093 3407 Yton
1112 3352 1144 3407 P.

131 3424 166 3472 24
188 3417 372 3544 Babglpniam
397 3419 455 3474 sint
479 3420 514 3476 P.
591 3426 625 3476 25
647 3422 833 3476 bacthranam
857 3424 892 3476 A.
920 3422 1088 3478 bactranam
1112 3421 1144 3476 P.

130 3504 231 3544 correo
289 3509 325 3546 αι.

210 3559 260 3617 59.
290 3569 326 3618 27
346 3581 453 3638 magno
473 3564 511 3620 A.
585 3569 620 3619 ‘lt
642 3562 784 3634 genitalia
803 3565 840 3616 P.
866 3565 968 3615 vehunt
987 3565 1022 3615 A.
