2414 3826
445 150 560 206 Oaros
580 149 802 212 ALEXANDRI.
1087 157 1130 220 65

116 315 293 378 revertitur
325 313 364 377 ad
396 335 506 399 regem
540 313 752 379 coronandus,
807 312 869 378 Sed
903 315 943 379 ab
982 338 1019 381 eo
1058 339 1130 382 cum
1149 340 1196 392 69.

118 406 286 487 quaereret
315 424 431 485 praeco
462 424 550 467 more
582 403 748 487 sollemni,
778 403 849 486 quis
881 407 968 468 esset
999 407 1131 472 nomine

118 511 253 574 quemve
278 513 311 554 se
336 491 438 555 civem
461 491 680 575 profiteretur,
703 494 740 554 ut
762 491 842 556 illud
866 513 905 557 ex
927 515 1018 558 more
1041 517 1130 578 prae·

118 579 293 662 dicaretur,
316 577 554 644 Clitomachum
578 579 707 663 quidem
731 601 764 644 se
788 581 948 665 appellari
972 583 1031 665 ait,
1056 584 1130 649 civi-

117 671 220 732 tatem
243 689 320 732 vero
343 668 463 732 habere
487 667 617 733 desisse.
664 665 726 732 Sed
753 668 786 732 id
810 690 880 733 cum
905 671 1034 735 coronis
1057 671 1154 742 red-5

118 755 194 820 ditis
228 756 292 819 iam
328 756 439 820 deesse
472 755 592 820 diceret
626 754 811 820 Alexander
843 758 965 842 gloriae
998 760 1130 825 victoris

118 844 217 926 illius,
240 842 330 907 addit
349 842 573 908 Clitomachus
597 844 675 908 olim
700 865 733 907 se
756 845 908 909 habuisse
933 847 1032 912 etiam
1057 849 1131 913 civi·

117 935 228 1016 tatem,
247 932 303 996 sed
317 933 507 1017 priusquam
522 931 707 996 Alexander
725 952 861 1016 regnum
881 933 1016 1019 adeptus
1031 936 1128 1021 foret3

118 1041 156 1084 eo
185 1040 262 1084 vero
291 1020 472 1104 imperante
502 1020 565 1084 sibi
587 1021 729 1104 patriam
757 1020 926 1104 deperisse.
972 1023 1058 1088 Hinc
1085 1027 1131 1089 in·

118 1108 264 1192 telleeto,
292 1130 355 1193 quo
380 1111 529 1194 pergeret
552 1108 691 1174 intentio
717 1109 932 1196 deprecaturi,
960 1113 1007 1176 uti
1036 1135 1170 1183 suum10

121 1201 220 1279 esset,
248 1197 334 1280 quod
361 1197 416 1261 ille
444 1197 529 1262 foret
552 1219 611 1281 pro
639 1198 746 1281 patria
767 1199 941 1282 petiturus,
970 1201 1051 1264 edici
1073 1223 1131 1284 per

118 1306 309 1369 praeconem
341 1286 446 1351 iubet:
480 1285 575 1350 condi
607 1285 736 1352 Thebas
770 1309 839 1352 esse
869 1287 1065 1373 permissum
1097 1291 1131 1354 iu

118 1373 275 1438 honorem
294 1374 420 1440 sedicet
441 1375 540 1439 trium
560 1374 703 1460 deorum,
725 1375 887 1460 Mercurii,
911 1378 966 1461 qui
985 1381 1132 1462 repertor

118 1461 263 1527 luctandi
291 1463 390 1542 cluat,
420 1462 647 1548 Herculisque,
675 1465 731 1548 qui
756 1465 935 1549 pugillatus
962 1467 1130 1552 invenerit,

118 1548 260 1615 Pollucis
285 1552 399 1635 etiam,
424 1553 478 1636 qui
505 1553 647 1617 cestibus
674 1554 717 1617 sit
742 1555 908 1638 magister.
950 1554 1063 1640 quue
1087 1557 1130 1621 ef·
1144 1587 1170 1626 15

118 1638 238 1704 fectum
269 1643 331 1724 est,
360 1640 410 1704 uti
440 1642 606 1705 oraculum
636 1640 801 1725 Apollinis
832 1648 1027 1727 congrueret
1056 1666 1129 1709 eum

118 1726 295 1793 Alexandri
316 1729 588 1813 pronuntiatione.

209 1924 224 1972 1
244 1922 361 1976 revertit
381 1923 414 1976 P.
488 1927 503 1975 2
524 1922 554 1976 et
571 1936 673 1989 praeco
692 1921 728 1974 A.
802 1926 818 1974 6
837 1921 990 1975 Alexandri
1009 1937 1076 1976 corr.
1097 1940 1130 1977 ea

119 1989 278 2045 Alexander
296 1992 331 2046 A.
369 1992 460 2047 victor
477 1994 513 2046 A.
570 1998 604 2046 10
624 1989 800 2062 deprecaturi
814 1991 889 2047 A.P.
915 1993 948 2045 in
965 1993 993 2045 A
1012 2007 1080 2046 corr.
1099 1995 1132 2048 ia

120 2060 304 2131 deprecantis.
380 2068 411 2117 11
431 2062 475 2117 illi
493 2062 527 2117 P.
564 2077 615 2133 per
632 2077 798 2131 praeconem
814 2067 841 2117 τ.
867 2078 1033 2130 praeconem
1052 2062 1130 2118 A.P.

121 2137 154 2186 13
172 2132 306 2187 honorem
320 2133 377 2188 Mr.
405 2135 511 2187 honore
526 2132 601 2190 A.P.
653 2138 686 2185 14
704 2130 859 2201 pugillatos
876 2132 909 2188 P.
970 2132 1131 2202 Subscripta

119 2207 185 2256 srmt
202 2205 234 2257 ia
252 2203 280 2257 A
295 2208 320 2259 et
334 2205 363 2257 P
379 2204 457 2259 haec:
478 2203 555 2258 ‘Iulii
568 2203 674 2258 Valerii
689 2202 841 2258 Alexandri
855 2202 1016 2259 Macedonis
1030 2203 1131 2259 Trans·

118 2272 195 2328 latae
220 2274 367 2342 (hanalata
391 2275 429 2343 P)
453 2293 486 2330 ex
509 2276 620 2345 Aesopo
645 2273 752 2329 Graeco
774 2274 859 2329 Liber
883 2273 993 2330 Primus
1016 2275 1132 2346 explicit

119 2345 181 2413 (om.
201 2344 239 2414 A)
260 2343 314 2409 Qui
331 2345 383 2400 Est
402 2344 494 2401 Ortus.
532 2346 664 2401 Eiusdem
682 2345 785 2415 Incipit
802 2346 886 2401 Liber
911 2348 1046 2403 secundus
1068 2347 1131 2404 feli-

119 2430 203 2487 citer’
228 2434 259 2488 a
278 2441 309 2488 r:
334 2432 409 2488 rvm
428 2434 564 2489 vanum
582 2434 796 2490 neumausi
814 2423 881 2491 v‘ei
895 2435 1131 2520 Ponppprnn-

119 2519 261 2604 xn-uosr
286 2521 499 2578 nicanorus
524 2522 640 2578 oarvs
666 2523 777 2578 creua
799 2524 936 2579 paruus
959 2525 1054 2578 uren
1079 2524 1133 2578 m-

119 2607 199 2662 orsu
217 2609 336 2666 Aorvs
355 2609 519 2666 urvaonu
537 2611 647 2666 arena
665 2611 861 2668 snovunvs.
