2414 3826
192 182 369 240 EPISTOLA
386 185 604 244 ALEXANDRI
622 189 672 242 AD
691 187 955 244 ARISTOTELEM.
1014 188 1079 252 219

65 353 189 415 femore
221 347 364 413 hnmano
400 349 591 435 crassiores3
628 349 682 434 qui
716 350 812 415 nobis
847 352 936 416 omni
969 353 1080 435 generi

64 439 204 525 piscium
233 459 349 521 sapore
373 439 575 523 praeferendi
603 443 685 503 sunt.
732 437 794 503 Sed
818 444 851 505 et
873 439 993 526 fungos
1019 442 1079 505 inr-

65 549 198 594 mensae
222 527 456 611 magnitudinis
475 527 600 610 viginti,
624 548 719 593 coeco
738 529 902 593 rubriores
922 551 1080 613 apposue-

63 621 142 683 runt
164 615 261 680 nobis
287 619 320 678 et
342 637 491 680 murenas
514 615 671 681 habentes
695 618 838 700 pondera
861 618 1008 703 ducenta,
1031 618 1078 683 af·

63 707 233 770 firmantes
269 724 339 767 esse
373 705 512 769 maiores
542 705 577 768 in
606 704 713 768 vicino
743 705 824 787 ipsis
855 728 991 785 oceano,
1024 706 1105 792 quis

64 798 135 859 erat
172 792 214 858 ad
250 792 428 856 miliarium
470 792 604 857 tertium
641 797 674 857 et
710 794 909 860 vicesimum.
968 795 1078 860 Pisces

62 887 233 968 praeterea
272 903 402 946 scauros
444 881 587 964 pondere
628 885 798 946 centenum
843 884 1079 966 quinquaginta

64 971 251 1058 gurgitibus
282 970 389 1034 nassis
423 969 572 1035 eburneis
605 970 792 1056 capiebant,
830 992 871 1034 ne
904 972 1077 1037 arundines

62 1082 174 1124 morsu
208 1058 466 1142 confringerent,
500 1061 557 1123 aut
589 1058 762 1142 capillatae
795 1059 963 1142 mulieres,
996 1082 1077 1143 quae

62 1151 153 1233 pisce
180 1147 346 1231 vivebant,
375 1148 466 1230 aquis
494 1147 666 1212 immersae
694 1147 937 1229 prehenderent.
987 1148 1076 1224 Quae
1091 1169 1117 1208 ιο

62 1238 196 1321 ignaros
229 1237 398 1320 regionum
429 1234 576 1300 homines
606 1235 641 1299 in
671 1236 804 1300 flumine
834 1240 987 1301 natantes
1021 1241 1077 1302 aut

61 1325 202 1390 tenendo
230 1325 266 1388 in
293 1324 422 1408 gurgite
450 1325 654 1389 suffocabant
683 1328 741 1389 aut
767 1329 890 1390 tractos
920 1326 956 1389 in
984 1348 1078 1391 arun·
1176 1376 1178 1380 ,

63 1414 218 1496 dinetum,
238 1435 311 1478 cnm
330 1416 440 1478 essent
458 1414 563 1496 specie
581 1413 757 1493 mirabiles,
777 1414 894 1479 affectu
909 1436 968 1479 suo
984 1415 1077 1480 avide

62 1504 166 1568 victos
194 1503 445 1585 corrumpebant
474 1505 530 1567 aut
552 1502 683 1567 veneria
712 1503 942 1567 exanimabant
963 1505 1076 1588 volup-

62 1596 141 1656 tate.
183 1589 324 1666 Quarum
353 1611 413 1654 nos
443 1590 522 1655 duas
547 1591 775 1655 tantummodo
802 1593 944 1675 capimus
968 1594 1076 1658 colore
1091 1611 1116 1653 15

61 1681 168 1763 niveo,
191 1679 312 1744 similes
335 1678 499 1762 nymphis,
522 1678 642 1743 defusis
665 1701 723 1762 per
746 1683 840 1763 terga
864 1681 1004 1764 capillisss

23 1774 26 1778 ’
152 1768 197 1832 Et
219 1768 253 1832 in
275 1767 388 1851 Gange
411 1767 545 1832 flumine
569 1770 663 1831 erant
687 1767 892 1832 admirabilia
914 1773 1076 1852 portenta.

62 1856 113 1921 De
137 1856 264 1940 quibus,
285 1878 325 1920 ne
349 1856 411 1921 tibi
434 1856 602 1920 fabulosus
622 1855 756 1935 viderer,
780 1856 986 1920 scribendum
1009 1878 1076 1922 non

61 1946 185 2030 putavi,
203 1946 266 2009 nisi
286 1946 370 2030 quod
390 1944 478 2029 apud
495 1943 811 2010 flumen...Boream
830 1947 945 2009 ventus
967 1967 984 2008 e
1007 1945 1076 2010 sole

62 2041 96 2101 et
112 2034 293 2118 Euphratis
312 2034 353 2098 ad
373 2031 453 2097 Noti
471 2033 561 2097 venti
579 2032 741 2115 spiracula
760 2036 888 2097 exeunt.
929 2031 1075 2108 Quorum
1089 2053 1116 2092 ao

61 2125 232 2188 fluminum
261 2123 350 2206 ripae
381 2123 484 2186 altera
515 2122 556 2186 ab
587 2122 654 2186 alia
683 2120 875 2203 conspicuae
903 2142 970 2185 non
1001 2125 1077 2186 sunt

61 2235 140 2296 prae
167 2211 339 2277 latitudine
368 2232 525 2294 aquarum
552 2232 673 2274 earum.
720 2208 799 2274 Inde
827 2208 867 2274 ad
896 2210 1076 2296 castellum,
1187 2225 1189 2228 ’

62 2301 148 2385 quod
177 2301 250 2364 Indi
279 2300 438 2384 incolunt,
467 2299 685 2382 pervenimus,
716 2298 773 2361 ubi
802 2301 872 2362 turn
902 2299 1027 2364 monita
1057 2323 1077 2365 a

61 2493 167 2546 femore
185 2492 309 2548 humano
329 2492 437 2548 aaVH
467 2492 546 2545 extra
568 2490 659 2545 femur
681 2491 836 2546 humanum
856 2491 884 2546 0.
921 2493 1018 2562 generi
1036 2492 1076 2550 H.

61 2580 164 2633 genere
188 2569 235 2620 ost.
312 2569 328 2618 2
349 2562 405 2617 Sed
423 2579 473 2618 om.
493 2583 522 2619 ω.
530 2561 608 2618 V.H.
680 2568 696 2616 3
715 2566 905 2632 apposuerunt
924 2564 953 2618 0.
977 2580 1076 2632 posue-

61 2636 127 2689 runt
145 2640 191 2690 cet.
275 2634 469 2689 4ducentena
487 2633 536 2687 H.·
616 2639 745 2688 tscaros
763 2632 887 2701 pondere
908 2633 936 2688 0.
963 2650 1075 2688 scarvos

60 2705 172 2774 pondus
191 2707 266 2760 aaH.
293 2722 406 2760 scauros
424 2703 596 2774 ponderibus
615 2704 740 2759 centanis
759 2705 791 2759 V.
853 2709 869 2757 8
889 2703 938 2771 qui
956 2703 1075 2773 gurgiti-

60 2777 115 2831 bus
134 2777 173 2830 H.
210 2777 301 2832 nassis
317 2775 378 2832 OG.
401 2776 477 2831 nasis
492 2775 620 2829 L.M.B.
645 2774 764 2829 navibus
782 2774 813 2830 V.
835 2790 886 2829 om.
904 2773 944 2829 H.
982 2775 1074 2844 capie-

60 2847 165 2902 bantur
173 2847 212 2902 H.
245 2853 261 2902 9
277 2849 338 2919 aut]
350 2850 435 2916 atque
442 2848 478 2903 B.
484 2846 527 2901 M.
561 2852 595 2900 10
609 2844 848 2914 prehenderentO.
867 2845 1078 2915 praetenderint

60 2919 141 2974 ΕΒ.
165 2918 382 2987 praetenderent
402 2919 474 2976 (Π.
498 2917 669 2984 pranderent
686 2915 725 2970 H.
799 2921 831 2968 11
850 2916 1013 2986 ignorantes
1032 2934 1076 2973 re-

60 2990 176 3059 gionem
188 2989 216 3043 0.
256 2996 288 3043 12
308 2990 505 3044 arundinetum
516 2989 623 3058 scripsi.
647 2986 813 3042 arundineto
820 2988 860 3043 H.
883 2989 1019 3044 arundine
1028 2994 1075 3045 cat.

62 3066 96 3114 13
116 3060 218 3115 affeetu
238 3060 350 3116 oaVH.
374 3064 489 3130 aspecto
511 3058 538 3113 O.
582 3064 615 3113 14
633 3057 779 3113 voluntate
798 3059 866 3115 mV.
914 3065 947 3114 16
967 3059 1076 3114 diffusis

60 3135 127 3202 post
144 3136 226 3202 terga
246 3131 274 3186 0.
322 3136 354 3184 1⁷
374 3129 555 3185 admirabilia
574 3129 602 3184 0.
627 3128 763 3184 animalia
781 3150 810 3183 ω.
818 3130 850 3186 V.
874 3129 1017 3186 mirabilia
1035 3131 1075 3187 H.

23 3223 26 3228 ’
63 3208 96 3257 19
116 3203 191 3272 apud
210 3203 285 3271 quod
305 3202 334 3258 0.
371 3201 475 3256 flumen
493 3217 543 3256 om.
558 3200 593 3255 L,
630 3203 746 3256 boream
764 3201 897 3255 boramve
912 3203 946 3256 L.
985 3201 1076 3256 esola

61 3274 138 3330 HG.
146 3276 190 3329 M.
215 3274 310 3329 aesola
327 3273 362 3328 L.
386 3290 401 3327 e
421 3271 480 3327 sole
501 3271 530 3326 0.
571 3271 678 3340 putavi.
705 3270 867 3326 huiusmodi
883 3271 1006 3325 fluminis
1025 3288 1075 3323 un·

61 3346 115 3400 dae
134 3346 219 3400 boreo
238 3347 323 3399 vento
342 3344 427 3399 flante
442 3343 545 3398 exeunt
557 3342 588 3396 V.
625 3344 741 3409 fortasse
758 3344 931 3397 scribendam
949 3348 1001 3397 est:
1019 3340 1076 3394 nisi

61 3415 137 3486 quod
161 3433 251 3486 aquae
274 3415 398 3469 fluminis
420 3415 503 3468 huius
527 3414 617 3469 Borea
639 3416 724 3468 vento
747 3413 832 3468 flante
856 3412 946 3467 solum
971 3414 999 3467 et
1021 3411 1075 3465 Eu·

60 3487 171 3557 phratis
191 3487 228 3542 ad
245 3486 280 3541 N.
300 3491 347 3542 etc.
425 3483 568 3540 matters
585 3484 714 3539 L.M.B.
790 3489 829 3537 ‘t‘t
843 3499 919 3550 praa
935 3499 993 3534 ora.
1009 3481 1094 3530 effi.

62 3563 98 3614 23
118 3559 185 3614 Post
206 3557 407 3627 ‘pervenimus'
428 3558 524 3632 pergit
544 3556 597 3615 H.:
623 3553 731 3613 deinde
749 3554 792 3610 ad
804 3553 917 3614 sexes.
936 3562 1018 3614 unas
1039 3555 1119 3606 am
