2414 3826
128 157 172 222 90
552 156 660 244 LIBElt
678 157 712 212 II.

129 342 296 404 supremas
321 319 446 384 litteras
470 318 576 402 datas,
604 322 711 385 cetera
734 340 810 385 vero
834 342 932 384 manu
960 341 1031 384 esse
1056 341 1140 386 oom-

151 408 256 473 lenda.

128 432 149 494 p
217 496 281 561 Hic
311 500 445 580 uterque
476 497 634 562 exercitus
665 496 751 562 bello
781 499 924 580 paratur.
974 493 1035 561 Oui
1066 495 1139 562 Ale·
1154 501 1190 558 m.

129 585 251 650 xander
279 607 352 651 cum
382 585 558 669 plurimum
586 585 846 669 conscripsisset,
874 585 1014 669 satrapis
1042 585 1140 670 Phry·

101 671 1141 846 ⁵tttttitptttttttttttttttrdttttttm

130 854 368 936 competentem
398 852 439 916 ad
468 851 682 916 militantium
711 870 882 916 numerum
913 854 947 916 et
976 872 1142 917 armorum

130 963 227 1026 quam
257 941 434 1006 maximum
461 961 631 1006 numerum
660 939 764 1022 iubet,
794 940 829 1003 in
858 960 939 1022 quos
969 961 1048 1005 usus
1079 940 1141 1005 tria

130 1030 220 1094 milia
249 1030 445 1095 camelorum
473 1028 558 1113 apud
586 1026 712 1112 Syriam
740 1028 797 1112 agi
823 1027 1075 1112 mandaverunt,
1102 1049 1142 1094 ne

90 1140 116 1179 ro
131 1118 208 1204 quid
223 1140 343 1203 eorum,
363 1118 449 1203 quod
467 1117 540 1182 usui
554 1115 640 1182 foret
658 1116 738 1182 belli
756 1115 935 1198 commodo,
953 1120 1142 1183 moraretur.

219 1206 343 1271 Eodem
363 1227 440 1271 sane
454 1209 601 1288 tempore
614 1204 710 1270 Darii
729 1204 826 1270 duces
844 1206 964 1270 multas
985 1205 1143 1271 eiusmodi

131 1295 258 1360 litteras
274 1295 465 1378 misitarere,
480 1292 596 1377 quibus
606 1293 738 1379 fatigari
753 1314 823 1358 sese
832 1294 1018 1378 multosque
1033 1294 1144 1359 admo·

132 1383 208 1447 dum
219 1383 425 1465 optimatium
434 1383 658 1466 interemptos,
667 1382 826 1466 quosdam
840 1383 940 1447 etiam
950 1383 991 1447 ad
1001 1382 1143 1448 Alexan·

132 1470 225 1535 drum
235 1469 391 1535 transisse
401 1471 598 1536 nuntiarent.
621 1469 712 1536 Haec
726 1471 836 1536 omnia
848 1472 884 1536 in
896 1471 930 1535 id
938 1470 1077 1537 Darium
1091 1493 1144 1536 ex·

91 1579 117 1620 15
132 1559 286 1642 citabant,
294 1580 335 1623 ne
343 1560 419 1642 quid
427 1559 558 1644 segnius
564 1559 847 1643 praetermitteret.
861 1558 967 1644 Igitur
974 1559 1016 1625 ad
1024 1558 1144 1625 Porum

131 1669 257 1732 quoque
277 1647 391 1713 scribit
408 1648 529 1714 Darius
548 1649 696 1732 petitque
715 1647 779 1713 sibi
797 1647 919 1714 auxilia
935 1649 1088 1733 'plurima

220 1735 284 1802 Sed
302 1735 407 1802 Porus
428 1737 614 1802 valetudine
637 1737 782 1820 corporis
806 1740 958 1802 excusata
984 1740 1083 1820 atque
1126 1739 1181 1796 ΧΠ.

131 1825 166 1890 in
194 1829 323 1911 tempus
352 1826 453 1892 dilata
479 1825 584 1909 petita
611 1825 828 1909 rescripserat.
878 1823 939 1890 His
968 1824 1144 1909 compertis

89 1965 92 1971 .
131 1914 225 1981 Darii
247 1919 360 2000 mater,
383 1936 465 2000 quae
489 1936 555 1979 una
578 1936 651 1980 cum
670 1912 856 1979 Alexandro
880 1917 958 1998 erat,
982 1914 1067 1979 clam
1091 1915 1145 1979 lit

89 2008 219 2070 soteres
239 2003 320 2081 facit
343 2025 462 2088 easque
486 2003 526 2070 ad
549 2004 652 2069 filium
676 2003 818 2068 destinat
841 2004 979 2086 scriptas
1002 2003 1037 2067 in
1058 2003 1145 2068 hanc

132 2095 343 2158 sententiam:
380 2091 578 2178 ‘Rogodune
617 2095 721 2157 mater
757 2090 859 2156 Dario
897 2091 966 2156 filio
1004 2091 1145 2156 salutem

132 2181 218 2246 dicit.
264 2180 367 2245 Fama
395 2185 445 2246 est
467 2185 500 2246 te
524 2185 636 2246 coacto
661 2180 803 2245 exercitu
826 2180 868 2245 ad
890 2180 1050 2262 proelium
1073 2183 1145 2244 ten-

132 2270 215 2352 dere,
238 2269 384 2352 profecto
406 2269 612 2352 nescientem,
636 2269 722 2354 quod
740 2267 828 2333 orbis
847 2290 975 2354 quoque
992 2268 1079 2333 vires
1104 2267 1145 2334 ad

133 2377 202 2421 sese
244 2355 410 2420 venientes
451 2377 507 2420 rex
544 2356 728 2421 Alexander
768 2357 864 2422 facile
905 2357 1144 2440 contempserit.

89 2464 118 2506 es
132 2442 263 2509 Nollem
290 2443 404 2528 igitur,
432 2447 510 2509 nate
538 2444 597 2527 mi,
627 2445 785 2510 incertum
813 2445 915 2511 futuri
945 2468 965 2509 a
990 2449 1025 2510 te
1051 2467 1146 2530 prae·
1178 2498 1183 2502 .

133 2533 241 2617 optari
272 2532 514 2616 praesentibus,
552 2533 603 2597 cui
635 2533 775 2598 fortasse
813 2536 856 2599 sit
887 2534 1072 2618 promptius
1106 2535 1144 2600 de

133 2623 239 2707 quiete
272 2621 395 2706 aliquid
427 2623 478 2687 vel
513 2621 656 2687 amicitia
690 2621 881 2688 consultare.
936 2622 1021 2699 Quid
1058 2624 1145 2688 enim

133 2712 277 2777 omnium
301 2714 364 2796 est,
393 2710 478 2796 quod
505 2714 538 2776 te
562 2712 680 2777 excitet
708 2711 748 2777 ad
771 2711 1043 2796 indignationem,
1071 2733 1145 2779 cum

132 2800 223 2884 ipsae
252 2822 313 2866 nos
343 2822 484 2884 quoque,
513 2800 630 2884 quibus
653 2800 787 2866 fortuna
810 2800 986 2866 timebatur
1008 2801 1145 2884 tristior,

89 2889 269 2973 ethonore,
301 2911 364 2973 qno
397 2888 499 2972 dorni,
535 2889 721 2973 nulliusque
753 2888 936 2974 indigentes
974 2889 1144 2974 agitemus.

132 2976 217 3041 Boni
240 2976 341 3059 igitur
363 2977 525 3061 consules,
554 2978 581 3042 si
605 2976 644 3041 de
666 2978 872 3061 pactionibus
895 2977 1035 3043 videris?
1081 2978 1144 3043 His

131 3064 225 3128 lectis
247 3063 368 3129 Darius
392 3065 581 3148 illacrimet3
610 3067 671 3131 hoc
699 3066 769 3149 ipso
797 3068 909 3130 tamen
930 3066 972 3130 ad
994 3067 1144 3151 indigna-

131 3152 255 3217 tionem
278 3152 491 3217 excitamento
515 3155 682 3238 utebatur,
710 3154 794 3239 quod
822 3158 952 3238 putaret
974 3154 1073 3220 indici
1096 3155 1143 3219 in·

132 3239 250 3307 iuriam
273 3240 396 3305 viribus
422 3242 502 3325 suis,
526 3243 554 3306 si
578 3243 845 3327 depectionibus
869 3244 1090 3308 meditaretur.

223 3453 463 3521 roompetentem
481 3451 518 3506 ad
537 3453 643 3520 scripsi.
672 3453 707 3507 ad
727 3454 933 3520 competentem
953 3453 987 3509 P.
1030 3458 1146 3508 emau-

21 3597 24 3607 ,
123 3521 237 3576 daverit
252 3522 311 3577 arr.
336 3522 525 3579 mandaverat
544 3522 650 3580 Eterh.
721 3529 758 3578 ‘rt
776 3523 853 3591 quod
873 3525 932 3578 Mr.
954 3539 1009 3589 uuo
1030 3524 1063 3579 P.
