2414 3826
402 179 531 238 OBITUS
549 179 771 237 ALEXANDRI.
1029 179 1093 245 133

79 367 145 411 non
166 345 205 409 ad
224 344 381 409 honorem
401 345 506 408 solum
525 344 694 409 numinum
713 343 763 409 uti
780 345 961 426 consuetos,
981 365 1093 408 verum

81 434 181 500 ctiam
205 433 246 497 ad
269 431 471 517 operimenta
494 432 585 497 abuti
608 432 757 498 hominos
779 432 968 498 incolentes.

172 520 231 588 25.
254 520 293 585 ld
316 525 427 586 tamen
446 542 515 585 esse
535 521 571 584 in
587 520 676 586 hisce
696 521 868 587 arboribus
888 519 1093 585 admirabile:
1111 531 1156 584 40.

78 632 220 695 namque
251 611 376 675 oriente
404 609 473 674 sole
501 630 624 696 marem
651 610 745 674 illam
773 611 923 675 arborem
949 609 1091 693 itemque

79 722 195 767 cursus
224 699 273 764 sui
300 698 518 763 meditullium
542 698 730 782 possidonio
756 699 807 763 vel
833 699 930 764 tertio
959 697 1119 764 occiduos

77 791 249 874 loquacem
278 787 348 851 fieri
379 791 412 851 et
442 787 702 852 consultantibus
736 788 862 868 [tertio]
890 787 1093 870 respondere,

78 878 165 943 idem
191 897 268 942 vero
299 875 467 940 nocturnis
497 875 587 940 horis
617 879 714 959 atque
744 876 912 940 lunaribus
943 876 1094 940 arborem

78 966 244 1031 feminam.
288 964 413 1029 Doctus
444 964 547 1048 igitur
577 964 618 1029 ab
644 963 696 1029 his
721 964 816 1049 viris,
846 964 901 1048 qui
927 963 1093 1028 antistites

79 1054 144 1119 loci
178 1053 424 1136 sacerdotesque
456 1055 694 1135 memorantur,
730 1053 780 1117 uti
815 1052 954 1117 mondus
987 1055 1020 1116 et
1052 1051 1093 1114 ab

81 1142 169 1208 omni
197 1141 387 1226 inreligioso
418 1140 569 1226 contagio
594 1140 787 1225 impollutus
811 1141 1010 1224 accederem,
1041 1161 1091 1205 co·
1107 1162 1134 1202 ro

80 1231 176 1296 mites
200 1230 281 1294 mihi
310 1231 378 1294 eius
408 1229 561 1294 editionis
585 1229 729 1295 adscisco
758 1229 879 1296 amicos
909 1228 1094 1294 carissimos

78 1320 333 1403 fidissimosque,
360 1317 578 1384 Parmeniona
606 1319 742 1397 scilicet,
771 1319 827 1384 sed
854 1321 888 1383 ct
916 1316 1094 1402 Craterum,

78 1408 216 1494 Isyllum
247 1428 373 1491 quoque
404 1410 502 1492 atque
529 1406 702 1472 Macheten
733 1411 766 1473 et
794 1407 1034 1492 Thrasyleonis
1063 1408 1097 1470 et

79 1497 265 1562 Machaona
307 1517 372 1561 una
408 1495 593 1561 Theodecto
630 1495 857 1581 Diiphiloque,
899 1495 954 1560 sed
995 1495 1095 1559 etiam

79 1584 210 1652 Neocle.
247 1584 459 1650 Monentibus
483 1584 585 1669 igitur
604 1585 826 1651 sacerdotibus
844 1585 1003 1670 religione
1021 1605 1094 1668 pro·
1109 1604 1136 1646 rs

81 1675 187 1739 hiberi
214 1673 336 1737 ferrum
364 1673 397 1736 id
425 1673 490 1738 loci
518 1672 643 1757 invehi,
672 1674 722 1738 ita
750 1679 789 1740 ut
815 1674 1015 1758 praedictum
1046 1675 1096 1736 est

81 1762 166 1827 facio
190 1783 382 1846 moneoque,
408 1761 490 1827 addo
514 1765 622 1827 tamen
647 1762 807 1826 cautelam
831 1761 1026 1827 eiuscemodi
1049 1761 1095 1824 di-

82 1851 249 1936 ligentiae,
273 1851 359 1935 quod
383 1851 549 1935 octoginta
572 1851 660 1915 viros
683 1850 875 1916 fortitudine
897 1849 1020 1932 pariter
1043 1870 1096 1912 ex·

83 1940 324 2024 ploratissimos
349 1938 462 2003 adesse
486 1939 571 2004 circa
595 1959 633 2002 ea
656 1939 728 2004 loca
751 1961 788 2003 ac
810 1959 939 2016 nemus,
963 1959 1025 2020 quo
1049 1936 1096 1999 in-

80 2028 323 2114 gradiebamur,
351 2050 448 2111 quam
475 2027 710 2092 sollicitissime
733 2027 843 2110 iubeo,
867 2026 1093 2110 exploratores
1108 2027 1151 2086 20'

81 2118 191 2201 etiam,
214 2117 323 2201 ecquis
348 2119 443 2199 essct,
467 2117 523 2200 qui
546 2114 630 2181 forte
653 2136 766 2181 vocem
789 2113 828 2179 do
851 2114 1000 2198 proximo
1020 2113 1094 2178 sub-

82 2207 224 2290 iectaret,
244 2227 341 2290 quam
360 2226 421 2269 nos
442 2226 480 2268 ex
495 2205 561 2269 illis
577 2203 747 2269 arboribus
762 2202 839 2268 ferri
855 2202 1095 2268 arbitraremur.

172 2292 231 2359 26.
263 2292 422 2358 Adhibita
445 2292 547 2376 igitur
570 2314 634 2358 uno
653 2314 697 2359 ,ex
720 2292 825 2372 Indis,
852 2292 908 2377 qui
934 2293 1095 2377 interpres
1113 2301 1158 2354 41.

80 2383 241 2448 dictorum
264 2382 400 2447 idoneus
423 2381 522 2461 foret,
551 2381 641 2447 cuius
669 2381 791 2448 inlecto
813 2382 871 2447 illo
894 2402 1096 2464 veneramus,

80 2473 152 2536 iuro
174 2493 271 2556 quam
295 2475 404 2536 sancte
423 2493 562 2554 poenam
581 2470 674 2536 illum
693 2471 809 2556 capitis
828 2493 896 2536 non
916 2493 1096 2553 evasurum,
1110 2488 1136 2530 25

81 2560 109 2625 si
129 2560 326 2643 promissum
349 2581 388 2624 ex
412 2561 526 2624 arbore
544 2581 737 2645 responsum
758 2560 1024 2643 diffamatumque
1046 2562 1095 2623 ta·
1132 2620 1141 2639 „K

81 2649 210 2714 coisset.
257 2647 351 2713 Unde
374 2648 509 2713 intentis
534 2648 575 2713 ad
598 2648 806 2731 audiendum,
832 2670 908 2712 mox
934 2669 1006 2712 oum
1029 2647 1095 2730 pri-

81 2759 171 2803 mum
195 2737 274 2802 solis
298 2758 431 2802 occasus
455 2742 488 2802 at
511 2737 614 2802 abitio
638 2737 714 2821 fuit,
740 2758 804 2801 vox
829 2736 959 2802 auditur
982 2757 1022 2800 ex
1045 2756 1094 2798 ar·

149 2982 156 2994 Ι
173 2917 186 2964 1
206 2910 395 3035 adAhonorem
415 2910 507 2965 solum
525 2910 671 2965 numinum
689 2909 761 2964 Mai.
793 2909 830 2964 ad
848 2908 986 2964 honorum
1004 2908 1095 2964 solum

79 2998 225 3037 nommum
270 3025 275 3035 .

171 3051 220 3109 25.
239 3058 256 3105 4
275 3052 355 3106 illam
370 3052 441 3109 Mai.
460 3051 542 3106 illum
561 3051 690 3108 arborem
708 3068 778 3108 corr.
797 3068 831 3107 eor
848 3051 897 3106 ille
916 3049 1044 3105 arborem
1058 3050 1093 3103 A.

81 3129 97 3178 5
116 3122 202 3179 tertio
221 3123 336 3179 occiduo
345 3125 452 3192 scripsi.
481 3123 574 3178 coriae
593 3122 726 3178 occiduae
736 3124 771 3178 A.
801 3125 876 3177 certe
894 3120 1093 3178 occidquoc'.

81 3200 97 3249 6
112 3195 197 3249 tertio
211 3195 291 3249 cocis
305 3194 415 3249 inclusi.
454 3199 486 3248 13
501 3195 623 3263 omniuo,
633 3195 793 3264 plerumque
802 3193 966 3248 Muellerum
978 3197 1095 3260 seruas,

79 3267 189 3321 restitui
198 3280 232 3320 ea
242 3264 368 3320 Graco'e:
384 3263 507 3318 Ysillum
521 3262 1094 3334 (proIsyllum)-Machenten-Thrasi·

79 3334 556 3404 leonto-Machona-Diffioilique
565 3335 832 3406 (proDiiphiloque)
841 3336 877 3391 A.
915 3339 947 3388 16
958 3332 1014 3389 1οοί
1022 3333 1094 3388 Mai.

79 3406 186 3462 locorl.
216 3412 249 3460 17
264 3404 416 3461 addoMai.
431 3405 539 3461 addiA.
569 3412 602 3464 18
616 3405 914 3476 explorantissimosA.
944 3411 976 3459 19
990 3404 1099 3459 loooA.

117 3547 123 3560 .
170 3475 244 3602 2621
252 3481 287 3531 24
305 3476 411 3532 inlecto
430 3477 502 3533 Mai.
528 3476 635 3535 iniecto
656 3478 691 3537 A.
761 3482 799 3533 ‘m
820 3493 890 3533 eum
902 3475 1040 3544 smmum
1051 3471 1125 3519 mr,

74 3566 198 3616 primum
245 3587 251 3600 .
