2414 3826
388 161 506 219 ORTUS
524 161 747 218 ALEXANDRI.
1031 161 1072 226 31

61 349 143 413 quae
167 326 229 391 sibi
247 325 352 410 patris
371 324 517 410 Philippi
535 326 656 391 virtute
676 325 825 411 quaesita
842 325 1074 391 hereditarium

61 416 204 482 studium
228 414 360 479 deberet
384 416 482 498 atque
506 414 653 479 deferret.

150 503 209 571 22.
227 502 322 569 Unde
341 502 411 567 illic
430 503 529 567 etiam
543 503 640 567 rebus
655 502 695 567 ad
711 502 856 568 ordinem
871 503 1020 587 redactis,
1056 509 1155 567 XXIX.

59 592 146 679 quod
166 592 230 658 sibi
248 613 287 656 ea
310 611 390 676 gens
409 591 588 657 studiosius
612 592 854 675 obsequeretur,
876 592 1072 658 lectissimos
1092 595 1136 646 16.

58 702 206 767 quosque
234 683 267 744 et
294 678 422 764 argenti
444 680 569 744 talenta
592 680 831 766 quadringenta
853 680 977 746 viribus
1006 682 1100 747 suisa

58 793 132 836 cum
157 769 343 851 adiecisset,
366 768 474 852 pergit
496 769 536 833 ad
559 768 772 854 Lycaoniam,
798 770 849 834 cui
872 792 958 834 nunc
982 774 1073 836 aetas

57 880 170 925 recens
194 879 313 923 nomen
334 856 496 922 Lucaniae
520 857 619 922 dedit.
663 858 770 943 Igitur
793 857 861 922 eius
885 858 948 922 loci
972 860 1075 944 magi-

59 947 216 1014 stratibus
245 946 285 1011 ad
315 945 491 1011 amicitiam
519 946 684 1011 communi
712 945 870 1011 sacrificio
898 946 1074 1013 foederatis

57 1036 256 1103 transmittit
274 1035 424 1119 protinus
444 1035 485 1099 ad
504 1032 648 1100 Siciliam
668 1038 764 1120 atque
782 1034 838 1118 ibi,
860 1035 888 1100 si
909 1056 971 1118 qua
990 1036 1074 1100 forte

58 1127 101 1191 ab
122 1124 279 1208 obsequio
298 1123 543 1209 refragarentur
557 1123 685 1208 oppida,
704 1123 840 1208 recepit3
859 1123 994 1208 exinquo
1008 1123 1072 1188 Ita·
1087 1145 1114 1185 ro

56 1216 137 1279 liam
161 1212 324 1279 transiens
348 1213 512 1296 legatione
530 1213 653 1296 pariter
673 1217 705 1277 et
723 1213 847 1278 honore
865 1213 991 1296 potitur
1009 1212 1075 1278 Ro-

58 1324 241 1368 manorum.
277 1300 339 1366 Per
353 1298 532 1365 Aemilium
547 1302 665 1386 quippe
680 1306 759 1366 tuno
774 1302 938 1366 consulem
955 1323 1075 1367 corona

58 1393 89 1456 ei
115 1393 186 1456 auri
206 1390 312 1474 pondo
337 1393 476 1472 centum,
498 1390 658 1475 insignita
679 1391 778 1455 etiam
797 1391 996 1476 margaritis,
1018 1391 1074 1457 ho-

57 1481 191 1545 noraria
214 1479 309 1543 datur
332 1478 374 1542 ad
397 1483 623 1564 argumentum
642 1479 804 1544 amicitiae
824 1483 981 1564 perpetuo
999 1485 1074 1564 post

57 1569 203 1652 futurae3
231 1567 327 1650 idque
351 1567 537 1633 Alexandro
561 1588 700 1652 magnae
724 1569 849 1653 gratiae
876 1569 939 1632 fuit
964 1570 1073 1635 amici·
1089 1590 1115 1632 rs

57 1659 205 1740 tiamque
240 1655 447 1741 amplectitur
478 1661 511 1720 et
540 1657 647 1721 verbis
678 1657 868 1722 liberalibus
899 1657 1074 1723 Aemilium

57 1747 257 1811 honoratum
276 1744 423 1809 remittit.
459 1743 594 1809 Addunt
607 1749 717 1811 tamen
731 1747 871 1811 Romani
886 1749 920 1810 et
933 1746 1074 1811 militum

60 1835 231 1900 duomilia
245 1837 279 1898 et
292 1833 421 1919 argenti
430 1834 555 1898 talenta
565 1833 805 1919 quadringenta
819 1856 920 1918 eoque
936 1836 1075 1918 amplius

59 1924 132 1989 fore
156 1923 289 1987 daturos
314 1944 383 1987 sese
406 1924 612 2006 respondent,
634 1925 668 1986 ni
692 1923 754 1988 sibi
774 1923 897 1986 bellum
919 1923 1073 1988 adversus
1088 1947 1112 1986 19

60 2010 348 2096 Carthaginienses
370 2010 626 2075 intentissimum
649 2012 839 2094 agitaretur.
875 2009 1022 2074 Indidem
1057 2018 1142 2076 XXX.

60 2101 163 2186 igitur
187 2099 356 2184 Tyrrheno
384 2099 577 2164 transmisso
606 2120 678 2163 cum
702 2099 846 2163 Africam
871 2120 998 2182 quoque
1022 2099 1139 2164 acl-1⁷.

58 2189 202 2275 pulisset
229 2187 426 2273 Alexander,
456 2188 524 2252 eius
553 2188 660 2272 gentis
689 2188 752 2252 sibi
779 2189 990 2273 magistratus
1020 2189 1075 2253 ob·

59 2278 186 2344 viantes
205 2277 351 2360 precario
373 2279 542 2361 quaesunt,
565 2275 615 2340 uti
640 2299 659 2341 a
682 2299 716 2343 se
739 2277 806 2343 vim
824 2277 964 2343 Romani
988 2299 1075 2342 exer·

59 2367 146 2432 citus
162 2367 359 2431 amoliretur.
393 2365 456 2430 Sed
474 2366 554 2430 haec
573 2365 660 2431 dicta
678 2389 745 2431 non
764 2369 860 2434 modo
876 2367 918 2433 ad
931 2367 1075 2433 favorem

59 2456 149 2540 regis
169 2456 315 2520 animum
334 2477 401 2520 non
419 2457 622 2537 convertunt,
645 2478 756 2521 verum
775 2457 926 2542 ignaviae
949 2479 1004 2521 eos
1027 2457 1074 2520 in·
1089 2479 1116 2521 as

60 2544 202 2628 crepitus
223 2545 284 2608 tali
302 2545 514 2627 responsione
534 2544 684 2609 dimittit:
708 2546 794 2629 quod
813 2545 891 2611 boni
910 2543 1075 2628 Carthago

61 2632 255 2717 consuleret,
279 2632 309 2696 si
331 2635 388 2696 aut
407 2631 521 2696 melior
540 2632 691 2698 hostibus
710 2633 795 2698 foret
814 2638 871 2698 aut
889 2633 1074 2716 potioribus

59 2724 235 2806 praecepta
258 2720 462 2804 dependeret.

152 2808 211 2874 23.
239 2808 324 2874 Hinc
352 2810 455 2895 igitur
477 2831 616 2894 pergens
639 2811 749 2893 paucis
779 2809 950 2874 admodum
977 2810 1138 2879 comi-18.

153 2964 316 3035 lquaesita
332 2966 367 3020 A.
375 2964 408 3019 P.
437 2965 548 3033 quaerit
568 2965 599 3020 T.

153 3036 200 3091 22.
228 3037 448 3120 texequeretur
467 3037 502 3091 P.
566 3042 713 3107 tquoque
732 3037 763 3093 P.
830 3035 1021 3106 tbiguonam
1042 3035 1075 3091 Τ,

61 3115 77 3164 *1
98 3106 226 3178 Ligunae
243 3110 285 3164 ael
303 3107 435 3178 Liguriae
457 3107 484 3161 T
483 3148 489 3159 .
580 3114 596 3162 9
616 3107 744 3164 Siciliam
762 3110 840 3163 ΑΡ.
868 3105 1022 3161 Massiliam
1043 3106 1074 3160 Τ.

62 3186 94 3234 11
115 3179 223 3249 potitur
246 3179 366 3249 Ampe.
395 3176 501 3248 petitur
526 3177 560 3232 P.
671 3181 824 3236 radantur
846 3186 874 3236 2.
907 3177 943 3233 ad
967 3193 1017 3232 om.
1041 3177 1075 3232 P.

61 3253 96 3304 15
116 3251 227 3320 gratiae
250 3252 320 3305 Μ
349 3249 456 3319 gloriae
480 3248 596 3318 Papa.
676 3257 708 3307 19
732 3252 762 3305 ni
786 3251 840 3305 sibi
862 3256 890 3303 r.
918 3247 974 3303 nisi
996 3250 1032 3304 A.
1041 3248 1076 3304 P.

60 3326 97 3376 20
117 3321 273 3392 agitaretur
291 3327 318 3376 1¹.
341 3323 473 3390 ageretur
490 3319 568 3376 ΑΡ.
610 3328 642 3376 21
663 3322 751 3392 igitur
769 3339 819 3378 om.
839 3323 874 3378 A.
883 3321 916 3375 P.
960 3324 995 3374 23
1013 3336 1075 3390 pre-

61 3390 140 3447 cario
158 3395 297 3461 quaesunt
315 3393 348 3447 P.
385 3391 511 3462 precario
535 3393 601 3446 sunt
623 3392 667 3447 usi
690 3399 723 3448 ut
742 3394 778 3449 A.
815 3392 940 3461 praecati
964 3398 1029 3445 sunt
1047 3396 1075 3445 r.

60 3463 120 3519 vim
133 3469 161 3518 r.
188 3463 231 3519 vis
249 3463 324 3518 A.P.
367 3468 403 3517 24
421 3462 545 3518 favorem
559 3463 597 3519 A.
605 3464 640 3521 P.
664 3463 816 3523 torentem
826 3471 862 3521 ’2.
894 3467 934 3518 ‘ab
947 3462 1094 3532 *ignatias

62 3550 112 3589 om.
131 3535 164 3588 P.
193 3551 241 3588 eos
258 3550 307 3589 om.
325 3533 405 3590 ΑΡ.
482 3541 517 3594 26
537 3538 608 3598 talis
625 3555 768 3616 responso
783 3546 820 3597 ’2.
