<?xml version="1.0" encoding="UTF-8"?>
<!DOCTYPE html PUBLIC "-//W3C//DTD XHTML 1.0 Transitional//EN"
    "http://www.w3.org/TR/xhtml1/DTD/xhtml1-transitional.dtd">
<html xmlns="http://www.w3.org/1999/xhtml" xml:lang="en" lang="en">
 <head>
  <title>
</title>
<meta http-equiv="Content-Type" content="text/html;charset=utf-8" />
  <meta name='ocr-system' content='tesseract 3.04.00' />
  <meta name='ocr-capabilities' content='ocr_page ocr_carea ocr_par ocr_line ocrx_word'/>
</head>
<body>
  <div class='ocr_page' id='page_1' title='image "./iulivalerialexa00valegoog_0108.png"; bbox 0 0 2414 3826; ppageno 0'>
   <div class='ocr_carea' id='block_1_1' title="bbox 418 178 1090 246">
    <p class='ocr_par' dir='ltr' id='par_1_1' title="bbox 418 178 1090 246">
     <span class='ocr_line' id='line_1_1' title="bbox 418 178 1090 246; baseline 0.001 -12"><span class='ocrx_word' id='word_1_1' title='bbox 418 179 533 234; x_wconf 80' lang='lat' dir='ltr'>AOTUS</span> <span class='ocrx_word' id='word_1_2' title='bbox 553 178 774 235; x_wconf 78' lang='lat' dir='ltr'><strong>ALEXANDRI.</strong></span> <span class='ocrx_word' id='word_1_3' title='bbox 1050 183 1068 246; x_wconf 73' lang='lat' dir='ltr'><strong>&#39;I</strong></span> <span class='ocrx_word' id='word_1_4' title='bbox 1075 183 1090 243; x_wconf 90' lang='lat' dir='ltr'><strong>l</strong></span> 
     </span>
    </p>
   </div>
   <div class='ocr_carea' id='block_1_2' title="bbox 79 341 1154 3259">
    <p class='ocr_par' dir='ltr' id='par_1_2' title="bbox 79 341 1133 1383">
     <span class='ocr_line' id='line_1_2' title="bbox 80 341 1092 429; baseline 0.001 -20"><span class='ocrx_word' id='word_1_5' title='bbox 80 343 203 409; x_wconf 88' lang='lat' dir='ltr'><strong>scilicet</strong></span> <span class='ocrx_word' id='word_1_6' title='bbox 236 342 432 407; x_wconf 89' lang='lat' dir='ltr'><strong>contumelia</strong></span> <span class='ocrx_word' id='word_1_7' title='bbox 466 345 579 406; x_wconf 91' lang='lat' dir='ltr'><strong>nostra</strong></span> <span class='ocrx_word' id='word_1_8' title='bbox 615 341 732 407; x_wconf 91' lang='lat' dir='ltr'><strong>iniuria</strong></span> <span class='ocrx_word' id='word_1_9' title='bbox 767 342 967 429; x_wconf 74' lang='lat' dir='ltr'><strong>continetur,</strong></span> <span class='ocrx_word' id='word_1_10' title='bbox 1007 345 1092 428; x_wconf 90' lang='lat' dir='ltr'><strong>quod</strong></span> 
     </span>
     <span class='ocr_line' id='line_1_3' title="bbox 79 431 1093 517; baseline 0 -20"><span class='ocrx_word' id='word_1_11' title='bbox 79 432 174 515; x_wconf 91' lang='lat' dir='ltr'><strong>illud,</strong></span> <span class='ocrx_word' id='word_1_12' title='bbox 203 431 356 514; x_wconf 92' lang='lat' dir='ltr'><strong>quidquid</strong></span> <span class='ocrx_word' id='word_1_13' title='bbox 378 433 525 495; x_wconf 89' lang='lat' dir='ltr'><strong>nostrum</strong></span> <span class='ocrx_word' id='word_1_14' title='bbox 548 431 753 496; x_wconf 72' lang='lat' dir='ltr'><strong>universitati</strong></span> <span class='ocrx_word' id='word_1_15' title='bbox 777 432 944 517; x_wconf 86' lang='lat' dir='ltr'><strong>moliatur,</strong></span> <span class='ocrx_word' id='word_1_16' title='bbox 973 433 1006 497; x_wconf 91' lang='lat' dir='ltr'><strong>in</strong></span> <span class='ocrx_word' id='word_1_17' title='bbox 1037 434 1093 497; x_wconf 92' lang='lat' dir='ltr'><strong>illo</strong></span> 
     </span>
     <span class='ocr_line' id='line_1_4' title="bbox 79 518 1091 605; baseline 0.001 -20"><span class='ocrx_word' id='word_1_18' title='bbox 79 522 188 605; x_wconf 90' lang='lat' dir='ltr'><strong>priore</strong></span> <span class='ocrx_word' id='word_1_19' title='bbox 207 519 395 605; x_wconf 82' lang='lat' dir='ltr'><strong>signaverit.</strong></span> <span class='ocrx_word' id='word_1_20' title='bbox 434 518 467 583; x_wconf 91' lang='lat' dir='ltr'><strong>Is</strong></span> <span class='ocrx_word' id='word_1_21' title='bbox 487 539 563 604; x_wconf 81' lang='lat' dir='ltr'><strong>ergo</strong></span> <span class='ocrx_word' id='word_1_22' title='bbox 583 521 832 605; x_wconf 81' lang='lat' dir='ltr'><strong>exspectabitur,</strong></span> <span class='ocrx_word' id='word_1_23' title='bbox 850 524 886 585; x_wconf 91' lang='lat' dir='ltr'><strong>ut</strong></span> <span class='ocrx_word' id='word_1_24' title='bbox 905 523 1091 605; x_wconf 91' lang='lat' dir='ltr'><strong>praesentia</strong></span> 
     </span>
     <span class='ocr_line' id='line_1_5' title="bbox 79 605 1094 696; baseline 0 -22"><span class='ocrx_word' id='word_1_25' title='bbox 79 612 193 675; x_wconf 91' lang='lat' dir='ltr'><strong>nostra</strong></span> <span class='ocrx_word' id='word_1_26' title='bbox 215 611 397 691; x_wconf 87' lang='lat' dir='ltr'><strong>moveatur,</strong></span> <span class='ocrx_word' id='word_1_27' title='bbox 427 628 522 691; x_wconf 91' lang='lat' dir='ltr'><strong>quem</strong></span> <span class='ocrx_word' id='word_1_28' title='bbox 546 605 740 692; x_wconf 82' lang='lat' dir='ltr'><strong>Stasagorae</strong></span> <span class='ocrx_word' id='word_1_29' title='bbox 766 632 909 693; x_wconf 91' lang='lat' dir='ltr'><strong>purpura</strong></span> <span class='ocrx_word' id='word_1_30' title='bbox 933 613 965 674; x_wconf 90' lang='lat' dir='ltr'><strong>et</strong></span> <span class='ocrx_word' id='word_1_31' title='bbox 988 612 1094 696; x_wconf 85' lang='lat' dir='ltr'><strong>magi-</strong></span> 
     </span>
     <span class='ocr_line' id='line_1_6' title="bbox 80 696 1115 782; baseline 0.004 -20"><span class='ocrx_word' id='word_1_32' title='bbox 80 701 203 763; x_wconf 89' lang='lat' dir='ltr'><strong>stratus</strong></span> <span class='ocrx_word' id='word_1_33' title='bbox 240 696 392 781; x_wconf 83' lang='lat' dir='ltr'><strong>facesque</strong></span> <span class='ocrx_word' id='word_1_34' title='bbox 426 696 560 761; x_wconf 89' lang='lat' dir='ltr'><strong>minime</strong></span> <span class='ocrx_word' id='word_1_35' title='bbox 594 701 780 782; x_wconf 89' lang='lat' dir='ltr'><strong>moverunt,</strong></span> <span class='ocrx_word' id='word_1_36' title='bbox 820 719 892 762; x_wconf 93' lang='lat' dir='ltr'><strong>cum</strong></span> <span class='ocrx_word' id='word_1_37' title='bbox 927 699 962 763; x_wconf 92' lang='lat' dir='ltr'><strong>in</strong></span> <span class='ocrx_word' id='word_1_38' title='bbox 998 699 1115 766; x_wconf 71' lang='lat' dir='ltr'><strong>illiusc</strong></span> 
     </span>
     <span class='ocr_line' id='line_1_7' title="bbox 79 785 1093 870; baseline 0.002 -18"><span class='ocrx_word' id='word_1_39' title='bbox 79 787 175 852; x_wconf 89' lang='lat' dir='ltr'><strong>unius</strong></span> <span class='ocrx_word' id='word_1_40' title='bbox 204 785 346 850; x_wconf 90' lang='lat' dir='ltr'><strong>nominis</strong></span> <span class='ocrx_word' id='word_1_41' title='bbox 378 785 537 870; x_wconf 81' lang='lat' dir='ltr'><strong>dignitate</strong></span> <span class='ocrx_word' id='word_1_42' title='bbox 569 807 669 868; x_wconf 91' lang='lat' dir='ltr'><strong>puero</strong></span> <span class='ocrx_word' id='word_1_43' title='bbox 701 786 756 851; x_wconf 90' lang='lat' dir='ltr'><strong>isti</strong></span> <span class='ocrx_word' id='word_1_44' title='bbox 789 788 958 853; x_wconf 88' lang='lat' dir='ltr'><strong>universae</strong></span> <span class='ocrx_word' id='word_1_45' title='bbox 989 788 1093 855; x_wconf 83' lang='lat' dir='ltr'><strong>Athe·</strong></span> 
     </span>
     <span class='ocr_line' id='line_1_8' title="bbox 80 873 1090 958; baseline 0.003 -18"><span class='ocrx_word' id='word_1_46' title='bbox 80 875 241 940; x_wconf 89' lang='lat' dir='ltr'><strong>niensium</strong></span> <span class='ocrx_word' id='word_1_47' title='bbox 270 874 376 939; x_wconf 90' lang='lat' dir='ltr'><strong>curiae</strong></span> <span class='ocrx_word' id='word_1_48' title='bbox 404 874 558 938; x_wconf 91' lang='lat' dir='ltr'><strong>maiestas</strong></span> <span class='ocrx_word' id='word_1_49' title='bbox 587 873 733 939; x_wconf 83' lang='lat' dir='ltr'><strong>obviaret</strong></span> <span class='ocrx_word' id='word_1_50' title='bbox 766 877 862 958; x_wconf 89' lang='lat' dir='ltr'><strong>atque</strong></span> <span class='ocrx_word' id='word_1_51' title='bbox 890 877 991 942; x_wconf 92' lang='lat' dir='ltr'><strong>oculis</strong></span> <span class='ocrx_word' id='word_1_52' title='bbox 1022 879 1090 943; x_wconf 93' lang='lat' dir='ltr'><strong>eius</strong></span> 
     </span>
     <span class='ocr_line' id='line_1_9' title="bbox 82 961 1093 1049; baseline 0.001 -20"><span class='ocrx_word' id='word_1_53' title='bbox 82 985 151 1029; x_wconf 89' lang='lat' dir='ltr'><strong>sese</strong></span> <span class='ocrx_word' id='word_1_54' title='bbox 176 967 209 1027; x_wconf 91' lang='lat' dir='ltr'><strong>et</strong></span> <span class='ocrx_word' id='word_1_55' title='bbox 227 963 372 1028; x_wconf 89' lang='lat' dir='ltr'><strong>vultibus</strong></span> <span class='ocrx_word' id='word_1_56' title='bbox 394 964 585 1045; x_wconf 79' lang='lat' dir='ltr'><strong>ostentaret,</strong></span> <span class='ocrx_word' id='word_1_57' title='bbox 608 961 713 1046; x_wconf 83' lang='lat' dir='ltr'><strong>siquid</strong></span> <span class='ocrx_word' id='word_1_58' title='bbox 735 965 845 1026; x_wconf 89' lang='lat' dir='ltr'><strong>tamen</strong></span> <span class='ocrx_word' id='word_1_59' title='bbox 869 968 955 1028; x_wconf 86' lang='lat' dir='ltr'><strong>recte</strong></span> <span class='ocrx_word' id='word_1_60' title='bbox 979 988 1093 1049; x_wconf 85' lang='lat' dir='ltr'><strong>sapere</strong></span> 
     </span>
     <span class='ocr_line' id='line_1_10' title="bbox 82 1051 1095 1138; baseline 0.003 -22"><span class='ocrx_word' id='word_1_61' title='bbox 82 1051 268 1116; x_wconf 84' lang='lat' dir='ltr'><strong>didicisset?</strong></span> <span class='ocrx_word' id='word_1_62' title='bbox 298 1051 333 1116; x_wconf 93' lang='lat' dir='ltr'><strong>Is</strong></span> <span class='ocrx_word' id='word_1_63' title='bbox 352 1071 428 1135; x_wconf 84' lang='lat' dir='ltr'><strong>ergo</strong></span> <span class='ocrx_word' id='word_1_64' title='bbox 453 1054 599 1115; x_wconf 89' lang='lat' dir='ltr'><strong>nostram</strong></span> <span class='ocrx_word' id='word_1_65' title='bbox 620 1051 840 1134; x_wconf 88' lang='lat' dir='ltr'><strong>praesentiam</strong></span> <span class='ocrx_word' id='word_1_66' title='bbox 864 1051 975 1117; x_wconf 88' lang='lat' dir='ltr'><strong>mitius</strong></span> <span class='ocrx_word' id='word_1_67' title='bbox 999 1076 1095 1138; x_wconf 87' lang='lat' dir='ltr'><strong>oppe-</strong></span> 
     </span>
     <span class='ocr_line' id='line_1_11' title="bbox 82 1140 1133 1225; baseline -0.005 -20"><span class='ocrx_word' id='word_1_68' title='bbox 82 1141 196 1224; x_wconf 81' lang='lat' dir='ltr'><strong>riatur,</strong></span> <span class='ocrx_word' id='word_1_69' title='bbox 229 1162 271 1204; x_wconf 90' lang='lat' dir='ltr'><strong>an</strong></span> <span class='ocrx_word' id='word_1_70' title='bbox 299 1161 406 1225; x_wconf 85' lang='lat' dir='ltr'><strong>mage,</strong></span> <span class='ocrx_word' id='word_1_71' title='bbox 434 1160 507 1204; x_wconf 91' lang='lat' dir='ltr'><strong>cum</strong></span> <span class='ocrx_word' id='word_1_72' title='bbox 536 1141 634 1203; x_wconf 91' lang='lat' dir='ltr'><strong>semel</strong></span> <span class='ocrx_word' id='word_1_73' title='bbox 657 1141 692 1204; x_wconf 91' lang='lat' dir='ltr'><strong>in</strong></span> <span class='ocrx_word' id='word_1_74' title='bbox 716 1140 784 1204; x_wconf 90' lang='lat' dir='ltr'><strong>eius</strong></span> <span class='ocrx_word' id='word_1_75' title='bbox 811 1161 926 1205; x_wconf 90' lang='lat' dir='ltr'><strong>manus</strong></span> <span class='ocrx_word' id='word_1_76' title='bbox 949 1146 1133 1225; x_wconf 86' lang='lat' dir='ltr'><strong>potesta-10</strong></span> 
     </span>
     <span class='ocr_line' id='line_1_12' title="bbox 80 1228 1095 1314; baseline 0.002 -20"><span class='ocrx_word' id='word_1_77' title='bbox 80 1233 211 1313; x_wconf 86' lang='lat' dir='ltr'><strong>temque</strong></span> <span class='ocrx_word' id='word_1_78' title='bbox 229 1230 422 1313; x_wconf 88' lang='lat' dir='ltr'><strong>venerimus,</strong></span> <span class='ocrx_word' id='word_1_79' title='bbox 446 1228 540 1292; x_wconf 90' lang='lat' dir='ltr'><strong>dedet</strong></span> <span class='ocrx_word' id='word_1_80' title='bbox 564 1228 732 1314; x_wconf 87' lang='lat' dir='ltr'><strong>suppliciis</strong></span> <span class='ocrx_word' id='word_1_81' title='bbox 756 1229 997 1314; x_wconf 88' lang='lat' dir='ltr'><strong>ultionibusque</strong></span> <span class='ocrx_word' id='word_1_82' title='bbox 1018 1253 1095 1314; x_wconf 92' lang='lat' dir='ltr'><strong>poe-</strong></span> 
     </span>
     <span class='ocr_line' id='line_1_13' title="bbox 80 1316 232 1383; baseline -0.013 -1"><span class='ocrx_word' id='word_1_83' title='bbox 80 1316 232 1383; x_wconf 79' lang='lat' dir='ltr'><strong>nalibus‘?</strong></span> 
     </span>
    </p>

    <p class='ocr_par' dir='ltr' id='par_1_3' title="bbox 79 1405 1154 3259">
     <span class='ocr_line' id='line_1_14' title="bbox 171 1405 1154 1489; baseline -0.003 -19"><span class='ocrx_word' id='word_1_84' title='bbox 171 1405 204 1471; x_wconf 78' lang='lat'><strong>7.</strong></span> <span class='ocrx_word' id='word_1_85' title='bbox 241 1405 286 1470; x_wconf 82' lang='lat' dir='ltr'><strong>Et</strong></span> <span class='ocrx_word' id='word_1_86' title='bbox 308 1405 388 1470; x_wconf 90' lang='lat' dir='ltr'><strong>haec</strong></span> <span class='ocrx_word' id='word_1_87' title='bbox 412 1406 542 1489; x_wconf 89' lang='lat' dir='ltr'><strong>quidem</strong></span> <span class='ocrx_word' id='word_1_88' title='bbox 565 1406 630 1470; x_wconf 92' lang='lat' dir='ltr'><strong>sint</strong></span> <span class='ocrx_word' id='word_1_89' title='bbox 654 1406 740 1472; x_wconf 90' lang='lat' dir='ltr'><strong>dicta</strong></span> <span class='ocrx_word' id='word_1_90' title='bbox 763 1406 801 1471; x_wconf 94' lang='lat' dir='ltr'><strong>de</strong></span> <span class='ocrx_word' id='word_1_91' title='bbox 825 1407 979 1472; x_wconf 89' lang='lat' dir='ltr'><strong>moribus.</strong></span> <span class='ocrx_word' id='word_1_92' title='bbox 1017 1406 1090 1474; x_wconf 91' lang='lat' dir='ltr'><strong>Huc</strong></span> <span class='ocrx_word' id='word_1_93' title='bbox 1108 1418 1154 1468; x_wconf 87' lang='lat'><strong>11.</strong></span> 
     </span>
     <span class='ocr_line' id='line_1_15' title="bbox 79 1493 1094 1580; baseline 0.003 -21"><span class='ocrx_word' id='word_1_94' title='bbox 79 1499 192 1560; x_wconf 90' lang='lat' dir='ltr'><strong>tamen</strong></span> <span class='ocrx_word' id='word_1_95' title='bbox 222 1493 330 1559; x_wconf 90' lang='lat' dir='ltr'><strong>addite</strong></span> <span class='ocrx_word' id='word_1_96' title='bbox 361 1493 483 1577; x_wconf 90' lang='lat' dir='ltr'><strong>aliquid</strong></span> <span class='ocrx_word' id='word_1_97' title='bbox 513 1496 612 1559; x_wconf 90' lang='lat' dir='ltr'><strong>etiam</strong></span> <span class='ocrx_word' id='word_1_98' title='bbox 644 1495 682 1558; x_wconf 91' lang='lat' dir='ltr'><strong>de</strong></span> <span class='ocrx_word' id='word_1_99' title='bbox 717 1495 784 1559; x_wconf 91' lang='lat' dir='ltr'><strong>eius</strong></span> <span class='ocrx_word' id='word_1_100' title='bbox 818 1499 934 1580; x_wconf 90' lang='lat' dir='ltr'><strong>aetate,</strong></span> <span class='ocrx_word' id='word_1_101' title='bbox 967 1497 1000 1560; x_wconf 94' lang='lat' dir='ltr'><strong>in</strong></span> <span class='ocrx_word' id='word_1_102' title='bbox 1031 1519 1094 1580; x_wconf 90' lang='lat' dir='ltr'><strong>qua</strong></span> 
     </span>
     <span class='ocr_line' id='line_1_16' title="bbox 83 1582 1133 1666; baseline -0.004 -18"><span class='ocrx_word' id='word_1_103' title='bbox 83 1584 255 1648; x_wconf 83' lang='lat' dir='ltr'><strong>aestimata</strong></span> <span class='ocrx_word' id='word_1_104' title='bbox 284 1582 437 1666; x_wconf 83' lang='lat' dir='ltr'><strong>perfacile</strong></span> <span class='ocrx_word' id='word_1_105' title='bbox 469 1587 533 1665; x_wconf 88' lang='lat' dir='ltr'><strong>est,</strong></span> <span class='ocrx_word' id='word_1_106' title='bbox 565 1582 650 1666; x_wconf 90' lang='lat' dir='ltr'><strong>quod</strong></span> <span class='ocrx_word' id='word_1_107' title='bbox 683 1583 740 1647; x_wconf 91' lang='lat' dir='ltr'><strong>illa</strong></span> <span class='ocrx_word' id='word_1_108' title='bbox 771 1583 924 1650; x_wconf 87' lang='lat' dir='ltr'><strong>dimicare</strong></span> <span class='ocrx_word' id='word_1_109' title='bbox 954 1584 1093 1651; x_wconf 87' lang='lat' dir='ltr'><strong>forsitan</strong></span> <span class='ocrx_word' id='word_1_110' title='bbox 1107 1604 1133 1645; x_wconf 80' lang='lat' dir='ltr'><strong>rs</strong></span> 
     </span>
     <span class='ocr_line' id='line_1_17' title="bbox 84 1671 1094 1756; baseline 0 -19"><span class='ocrx_word' id='word_1_111' title='bbox 84 1671 311 1756; x_wconf 88' lang='lat' dir='ltr'><strong>confidentius,</strong></span> <span class='ocrx_word' id='word_1_112' title='bbox 341 1671 508 1736; x_wconf 86' lang='lat' dir='ltr'><strong>consulere</strong></span> <span class='ocrx_word' id='word_1_113' title='bbox 538 1671 718 1737; x_wconf 89' lang='lat' dir='ltr'><strong>dementius</strong></span> <span class='ocrx_word' id='word_1_114' title='bbox 746 1673 860 1756; x_wconf 88' lang='lat' dir='ltr'><strong>possit.</strong></span> <span class='ocrx_word' id='word_1_115' title='bbox 910 1672 1094 1753; x_wconf 78' lang='lat' dir='ltr'><strong>Enimvero,</strong></span> 
     </span>
     <span class='ocr_line' id='line_1_18' title="bbox 83 1759 1095 1844; baseline 0.002 -19"><span class='ocrx_word' id='word_1_116' title='bbox 83 1761 143 1844; x_wconf 88' lang='lat' dir='ltr'><strong>ait,</strong></span> <span class='ocrx_word' id='word_1_117' title='bbox 171 1759 288 1844; x_wconf 82' lang='lat' dir='ltr'><strong>Tyrios</strong></span> <span class='ocrx_word' id='word_1_118' title='bbox 312 1759 442 1824; x_wconf 86' lang='lat' dir='ltr'><strong>excidit:</strong></span> <span class='ocrx_word' id='word_1_119' title='bbox 470 1761 682 1844; x_wconf 89' lang='lat' dir='ltr'><strong>nequeenim</strong></span> <span class='ocrx_word' id='word_1_120' title='bbox 706 1766 858 1843; x_wconf 90' lang='lat' dir='ltr'><strong>poterant</strong></span> <span class='ocrx_word' id='word_1_121' title='bbox 885 1761 934 1825; x_wconf 92' lang='lat' dir='ltr'><strong>illi</strong></span> <span class='ocrx_word' id='word_1_122' title='bbox 957 1761 1095 1827; x_wconf 87' lang='lat' dir='ltr'><strong>forsitan</strong></span> 
     </span>
     <span class='ocr_line' id='line_1_19' title="bbox 83 1846 1093 1932; baseline 0.002 -19"><span class='ocrx_word' id='word_1_123' title='bbox 83 1849 248 1914; x_wconf 88' lang='lat' dir='ltr'><strong>restitisse.</strong></span> <span class='ocrx_word' id='word_1_124' title='bbox 287 1846 459 1913; x_wconf 83' lang='lat' dir='ltr'><strong>Thebanos</strong></span> <span class='ocrx_word' id='word_1_125' title='bbox 484 1848 614 1913; x_wconf 91' lang='lat' dir='ltr'><strong>evertit:</strong></span> <span class='ocrx_word' id='word_1_126' title='bbox 636 1870 702 1912; x_wconf 92' lang='lat' dir='ltr'><strong>non</strong></span> <span class='ocrx_word' id='word_1_127' title='bbox 726 1848 801 1914; x_wconf 89' lang='lat' dir='ltr'><strong>illos</strong></span> <span class='ocrx_word' id='word_1_128' title='bbox 820 1848 950 1932; x_wconf 88' lang='lat' dir='ltr'><strong>quidem</strong></span> <span class='ocrx_word' id='word_1_129' title='bbox 973 1851 1093 1915; x_wconf 90' lang='lat' dir='ltr'><strong>inertes</strong></span> 
     </span>
     <span class='ocr_line' id='line_1_20' title="bbox 84 1936 1093 2019; baseline 0 -17"><span class='ocrx_word' id='word_1_130' title='bbox 84 1942 141 2002; x_wconf 88' lang='lat' dir='ltr'><strong>aut</strong></span> <span class='ocrx_word' id='word_1_131' title='bbox 168 1938 246 2002; x_wconf 91' lang='lat' dir='ltr'><strong>belli</strong></span> <span class='ocrx_word' id='word_1_132' title='bbox 275 1937 399 2001; x_wconf 89' lang='lat' dir='ltr'><strong>artibus</strong></span> <span class='ocrx_word' id='word_1_133' title='bbox 429 1936 565 2019; x_wconf 90' lang='lat' dir='ltr'><strong>alienos,</strong></span> <span class='ocrx_word' id='word_1_134' title='bbox 593 1937 648 2000; x_wconf 91' lang='lat' dir='ltr'><strong>sed</strong></span> <span class='ocrx_word' id='word_1_135' title='bbox 677 1937 762 2000; x_wconf 88' lang='lat' dir='ltr'><strong>enim</strong></span> <span class='ocrx_word' id='word_1_136' title='bbox 789 1937 1010 2019; x_wconf 87' lang='lat' dir='ltr'><strong>frequentibus</strong></span> <span class='ocrx_word' id='word_1_137' title='bbox 1040 1937 1093 2002; x_wconf 93' lang='lat' dir='ltr'><strong>ad·</strong></span> 
     </span>
     <span class='ocr_line' id='line_1_21' title="bbox 80 2024 1133 2110; baseline -0.006 -19"><span class='ocrx_word' id='word_1_138' title='bbox 80 2026 211 2093; x_wconf 91' lang='lat' dir='ltr'><strong>modum</strong></span> <span class='ocrx_word' id='word_1_139' title='bbox 245 2025 483 2090; x_wconf 88' lang='lat' dir='ltr'><strong>discriminibus</strong></span> <span class='ocrx_word' id='word_1_140' title='bbox 515 2024 682 2110; x_wconf 79' lang='lat' dir='ltr'><strong>fatigatos.</strong></span> <span class='ocrx_word' id='word_1_141' title='bbox 734 2024 1004 2108; x_wconf 91' lang='lat' dir='ltr'><strong>Peloponnesios,</strong></span> <span class='ocrx_word' id='word_1_142' title='bbox 1037 2026 1093 2110; x_wconf 88' lang='lat' dir='ltr'><strong>ait,</strong></span> <span class='ocrx_word' id='word_1_143' title='bbox 1107 2045 1133 2085; x_wconf 86' lang='lat' dir='ltr'><strong>ac</strong></span> 
     </span>
     <span class='ocr_line' id='line_1_22' title="bbox 80 2112 1093 2200; baseline -0.003 -19"><span class='ocrx_word' id='word_1_144' title='bbox 80 2115 269 2200; x_wconf 89' lang='lat' dir='ltr'><strong>captivitate</strong></span> <span class='ocrx_word' id='word_1_145' title='bbox 292 2114 442 2196; x_wconf 90' lang='lat' dir='ltr'><strong>subiecit,</strong></span> <span class='ocrx_word' id='word_1_146' title='bbox 465 2135 568 2197; x_wconf 87' lang='lat' dir='ltr'><strong>neque</strong></span> <span class='ocrx_word' id='word_1_147' title='bbox 591 2113 654 2178; x_wconf 92' lang='lat' dir='ltr'><strong>hoc</strong></span> <span class='ocrx_word' id='word_1_148' title='bbox 678 2112 781 2178; x_wconf 88' lang='lat' dir='ltr'><strong>addit:</strong></span> <span class='ocrx_word' id='word_1_149' title='bbox 808 2133 875 2177; x_wconf 90' lang='lat' dir='ltr'><strong>non</strong></span> <span class='ocrx_word' id='word_1_150' title='bbox 899 2112 999 2197; x_wconf 88' lang='lat' dir='ltr'><strong>bello,</strong></span> <span class='ocrx_word' id='word_1_151' title='bbox 1025 2132 1093 2178; x_wconf 90' lang='lat' dir='ltr'><strong>non</strong></span> 
     </span>
     <span class='ocr_line' id='line_1_23' title="bbox 80 2199 1093 2287; baseline -0.002 -19"><span class='ocrx_word' id='word_1_152' title='bbox 80 2205 169 2287; x_wconf 90' lang='lat' dir='ltr'><strong>telis,</strong></span> <span class='ocrx_word' id='word_1_153' title='bbox 198 2204 360 2268; x_wconf 88' lang='lat' dir='ltr'><strong>enimvero</strong></span> <span class='ocrx_word' id='word_1_154' title='bbox 388 2203 441 2267; x_wconf 90' lang='lat' dir='ltr'><strong>lue</strong></span> <span class='ocrx_word' id='word_1_155' title='bbox 465 2204 634 2286; x_wconf 91' lang='lat' dir='ltr'><strong>corruptos</strong></span> <span class='ocrx_word' id='word_1_156' title='bbox 658 2204 692 2266; x_wconf 90' lang='lat' dir='ltr'><strong>et</strong></span> <span class='ocrx_word' id='word_1_157' title='bbox 713 2201 807 2266; x_wconf 88' lang='lat' dir='ltr'><strong>fame.</strong></span> <span class='ocrx_word' id='word_1_158' title='bbox 853 2199 916 2266; x_wconf 90' lang='lat' dir='ltr'><strong>Hic</strong></span> <span class='ocrx_word' id='word_1_159' title='bbox 939 2223 1040 2287; x_wconf 90' lang='lat' dir='ltr'><strong>nunc,</strong></span> <span class='ocrx_word' id='word_1_160' title='bbox 1065 2203 1093 2267; x_wconf 91' lang='lat' dir='ltr'><strong>si</strong></span> 
     </span>
     <span class='ocr_line' id='line_1_24' title="bbox 79 2288 1089 2377; baseline -0.001 -20"><span class='ocrx_word' id='word_1_161' title='bbox 79 2294 200 2377; x_wconf 88' lang='lat' dir='ltr'><strong>placet,</strong></span> <span class='ocrx_word' id='word_1_162' title='bbox 226 2292 280 2356; x_wconf 92' lang='lat' dir='ltr'><strong>hic</strong></span> <span class='ocrx_word' id='word_1_163' title='bbox 304 2312 380 2356; x_wconf 88' lang='lat' dir='ltr'><strong>sane</strong></span> <span class='ocrx_word' id='word_1_164' title='bbox 403 2290 545 2376; x_wconf 87' lang='lat' dir='ltr'><strong>proferte</strong></span> <span class='ocrx_word' id='word_1_165' title='bbox 568 2292 603 2354; x_wconf 92' lang='lat' dir='ltr'><strong>in</strong></span> <span class='ocrx_word' id='word_1_166' title='bbox 625 2289 767 2356; x_wconf 90' lang='lat' dir='ltr'><strong>medium</strong></span> <span class='ocrx_word' id='word_1_167' title='bbox 789 2295 904 2356; x_wconf 86' lang='lat' dir='ltr'><strong>nostra</strong></span> <span class='ocrx_word' id='word_1_168' title='bbox 926 2288 1089 2376; x_wconf 87' lang='lat' dir='ltr'><strong>Xerxique</strong></span> 
     </span>
     <span class='ocr_line' id='line_1_25' title="bbox 80 2379 1090 2465; baseline 0 -19"><span class='ocrx_word' id='word_1_169' title='bbox 80 2381 315 2464; x_wconf 87' lang='lat' dir='ltr'><strong>experimenta,</strong></span> <span class='ocrx_word' id='word_1_170' title='bbox 342 2379 398 2463; x_wconf 91' lang='lat' dir='ltr'><strong>qui</strong></span> <span class='ocrx_word' id='word_1_171' title='bbox 425 2401 514 2445; x_wconf 89' lang='lat' dir='ltr'><strong>mare</strong></span> <span class='ocrx_word' id='word_1_172' title='bbox 542 2380 683 2446; x_wconf 89' lang='lat' dir='ltr'><strong>molibus</strong></span> <span class='ocrx_word' id='word_1_173' title='bbox 707 2381 874 2465; x_wconf 86' lang='lat' dir='ltr'><strong>presserit,</strong></span> <span class='ocrx_word' id='word_1_174' title='bbox 903 2381 958 2464; x_wconf 92' lang='lat' dir='ltr'><strong>qui</strong></span> <span class='ocrx_word' id='word_1_175' title='bbox 986 2381 1090 2446; x_wconf 91' lang='lat' dir='ltr'><strong>altum</strong></span> 
     </span>
     <span class='ocr_line' id='line_1_26' title="bbox 79 2469 1133 2553; baseline 0 -19"><span class='ocrx_word' id='word_1_176' title='bbox 79 2470 160 2534; x_wconf 94' lang='lat' dir='ltr'><strong>illud</strong></span> <span class='ocrx_word' id='word_1_177' title='bbox 183 2469 321 2534; x_wconf 89' lang='lat' dir='ltr'><strong>navibus</strong></span> <span class='ocrx_word' id='word_1_178' title='bbox 345 2469 510 2552; x_wconf 88' lang='lat' dir='ltr'><strong>straverit,</strong></span> <span class='ocrx_word' id='word_1_179' title='bbox 537 2469 592 2553; x_wconf 94' lang='lat' dir='ltr'><strong>qui</strong></span> <span class='ocrx_word' id='word_1_180' title='bbox 619 2472 740 2540; x_wconf 88' lang='lat' dir='ltr'><strong>terram</strong></span> <span class='ocrx_word' id='word_1_181' title='bbox 767 2470 857 2534; x_wconf 89' lang='lat' dir='ltr'><strong>illam</strong></span> <span class='ocrx_word' id='word_1_182' title='bbox 881 2491 1011 2536; x_wconf 90' lang='lat' dir='ltr'><strong>omnem</strong></span> <span class='ocrx_word' id='word_1_183' title='bbox 1037 2493 1089 2535; x_wconf 83' lang='lat' dir='ltr'><strong>ex·</strong></span> <span class='ocrx_word' id='word_1_184' title='bbox 1105 2487 1133 2529; x_wconf 74' lang='lat'><strong>2⁵</strong></span> 
     </span>
     <span class='ocr_line' id='line_1_27' title="bbox 81 2557 1090 2642; baseline 0 -19"><span class='ocrx_word' id='word_1_185' title='bbox 81 2558 183 2624; x_wconf 89' lang='lat' dir='ltr'><strong>ercitu</strong></span> <span class='ocrx_word' id='word_1_186' title='bbox 216 2579 274 2622; x_wconf 92' lang='lat' dir='ltr'><strong>suo</strong></span> <span class='ocrx_word' id='word_1_187' title='bbox 306 2557 439 2638; x_wconf 85' lang='lat' dir='ltr'><strong>texerit,</strong></span> <span class='ocrx_word' id='word_1_188' title='bbox 472 2558 527 2642; x_wconf 91' lang='lat' dir='ltr'><strong>qui</strong></span> <span class='ocrx_word' id='word_1_189' title='bbox 559 2563 635 2623; x_wconf 73' lang='lat' dir='ltr'><strong>aera</strong></span> <span class='ocrx_word' id='word_1_190' title='bbox 666 2558 773 2641; x_wconf 88' lang='lat' dir='ltr'><strong>ipsum</strong></span> <span class='ocrx_word' id='word_1_191' title='bbox 805 2559 880 2623; x_wconf 91' lang='lat' dir='ltr'><strong>telis</strong></span> <span class='ocrx_word' id='word_1_192' title='bbox 912 2558 1090 2642; x_wconf 90' lang='lat' dir='ltr'><strong>iaculisque</strong></span> 
     </span>
     <span class='ocr_line' id='line_1_28' title="bbox 80 2645 1094 2731; baseline -0.001 -20"><span class='ocrx_word' id='word_1_193' title='bbox 80 2646 245 2712; x_wconf 86' lang='lat' dir='ltr'><strong>velaverit.</strong></span> <span class='ocrx_word' id='word_1_194' title='bbox 290 2645 414 2710; x_wconf 91' lang='lat' dir='ltr'><strong>Deinde</strong></span> <span class='ocrx_word' id='word_1_195' title='bbox 442 2645 535 2712; x_wconf 94' lang='lat' dir='ltr'><strong>illum</strong></span> <span class='ocrx_word' id='word_1_196' title='bbox 558 2646 688 2731; x_wconf 91' lang='lat' dir='ltr'><strong>quidem</strong></span> <span class='ocrx_word' id='word_1_197' title='bbox 712 2646 833 2712; x_wconf 89' lang='lat' dir='ltr'><strong>Persen</strong></span> <span class='ocrx_word' id='word_1_198' title='bbox 862 2645 942 2711; x_wconf 91' lang='lat' dir='ltr'><strong>adeo</strong></span> <span class='ocrx_word' id='word_1_199' title='bbox 968 2647 1094 2730; x_wconf 89' lang='lat' dir='ltr'><strong>spiran-</strong></span> 
     </span>
     <span class='ocr_line' id='line_1_29' title="bbox 79 2733 1093 2820; baseline -0.001 -20"><span class='ocrx_word' id='word_1_200' title='bbox 79 2738 147 2800; x_wconf 90' lang='lat' dir='ltr'><strong>tem</strong></span> <span class='ocrx_word' id='word_1_201' title='bbox 176 2738 209 2799; x_wconf 90' lang='lat' dir='ltr'><strong>et</strong></span> <span class='ocrx_word' id='word_1_202' title='bbox 236 2734 448 2800; x_wconf 90' lang='lat' dir='ltr'><strong>confidentem</strong></span> <span class='ocrx_word' id='word_1_203' title='bbox 477 2735 644 2820; x_wconf 81' lang='lat' dir='ltr'><strong>abegimus</strong></span> <span class='ocrx_word' id='word_1_204' title='bbox 678 2733 819 2799; x_wconf 86' lang='lat' dir='ltr'><strong>incensis</strong></span> <span class='ocrx_word' id='word_1_205' title='bbox 854 2734 922 2798; x_wconf 89' lang='lat' dir='ltr'><strong>eius</strong></span> <span class='ocrx_word' id='word_1_206' title='bbox 956 2734 1093 2799; x_wconf 90' lang='lat' dir='ltr'><strong>navibus</strong></span> 
     </span>
     <span class='ocr_line' id='line_1_30' title="bbox 82 2821 1094 2906; baseline -0.003 -17"><span class='ocrx_word' id='word_1_207' title='bbox 82 2828 138 2889; x_wconf 91' lang='lat' dir='ltr'><strong>aut</strong></span> <span class='ocrx_word' id='word_1_208' title='bbox 161 2823 259 2888; x_wconf 90' lang='lat' dir='ltr'><strong>etiam</strong></span> <span class='ocrx_word' id='word_1_209' title='bbox 278 2823 454 2906; x_wconf 82' lang='lat' dir='ltr'><strong>superatis,</strong></span> <span class='ocrx_word' id='word_1_210' title='bbox 477 2827 510 2888; x_wconf 91' lang='lat' dir='ltr'><strong>et</strong></span> <span class='ocrx_word' id='word_1_211' title='bbox 532 2826 583 2888; x_wconf 90' lang='lat' dir='ltr'><strong>tot</strong></span> <span class='ocrx_word' id='word_1_212' title='bbox 604 2822 663 2888; x_wconf 87' lang='lat' dir='ltr'><strong>illa</strong></span> <span class='ocrx_word' id='word_1_213' title='bbox 681 2821 773 2887; x_wconf 88' lang='lat' dir='ltr'><strong>milia</strong></span> <span class='ocrx_word' id='word_1_214' title='bbox 792 2821 950 2887; x_wconf 88' lang='lat' dir='ltr'><strong>exercitus</strong></span> <span class='ocrx_word' id='word_1_215' title='bbox 970 2822 1011 2886; x_wconf 91' lang='lat' dir='ltr'><strong>ab</strong></span> <span class='ocrx_word' id='word_1_216' title='bbox 1032 2822 1094 2886; x_wconf 91' lang='lat' dir='ltr'><strong>hac</strong></span> 
     </span>
     <span class='ocr_line' id='line_1_31' title="bbox 82 2909 1135 2996; baseline -0.006 -19"><span class='ocrx_word' id='word_1_217' title='bbox 82 2913 213 2977; x_wconf 91' lang='lat' dir='ltr'><strong>civitate</strong></span> <span class='ocrx_word' id='word_1_218' title='bbox 240 2913 417 2995; x_wconf 87' lang='lat' dir='ltr'><strong>repulimus</strong></span> <span class='ocrx_word' id='word_1_219' title='bbox 446 2909 629 2996; x_wconf 76' lang='lat' dir='ltr'><strong>Cynaegiro</strong></span> <span class='ocrx_word' id='word_1_220' title='bbox 658 2912 690 2973; x_wconf 90' lang='lat' dir='ltr'><strong>et</strong></span> <span class='ocrx_word' id='word_1_221' title='bbox 717 2909 918 2994; x_wconf 84' lang='lat' dir='ltr'><strong>Antiphonte</strong></span> <span class='ocrx_word' id='word_1_222' title='bbox 946 2914 980 2975; x_wconf 90' lang='lat' dir='ltr'><strong>et</strong></span> <span class='ocrx_word' id='word_1_223' title='bbox 1006 2909 1092 2975; x_wconf 89' lang='lat' dir='ltr'><strong>Mne·</strong></span> <span class='ocrx_word' id='word_1_224' title='bbox 1108 2931 1135 2972; x_wconf 84' lang='lat' dir='ltr'><strong>ec</strong></span> 
     </span>
     <span class='ocr_line' id='line_1_32' title="bbox 81 2998 1095 3084; baseline -0.003 -19"><span class='ocrx_word' id='word_1_225' title='bbox 81 3001 243 3066; x_wconf 89' lang='lat' dir='ltr'><strong>sicharmo</strong></span> <span class='ocrx_word' id='word_1_226' title='bbox 270 3000 406 3084; x_wconf 87' lang='lat' dir='ltr'><strong>aliisque</strong></span> <span class='ocrx_word' id='word_1_227' title='bbox 428 3022 493 3065; x_wconf 93' lang='lat' dir='ltr'><strong>non</strong></span> <span class='ocrx_word' id='word_1_228' title='bbox 516 2999 628 3064; x_wconf 90' lang='lat' dir='ltr'><strong>multis</strong></span> <span class='ocrx_word' id='word_1_229' title='bbox 654 2998 705 3063; x_wconf 91' lang='lat' dir='ltr'><strong>illi</strong></span> <span class='ocrx_word' id='word_1_230' title='bbox 727 2998 900 3063; x_wconf 88' lang='lat' dir='ltr'><strong>violentiae</strong></span> <span class='ocrx_word' id='word_1_231' title='bbox 925 3019 1095 3063; x_wconf 89' lang='lat' dir='ltr'><strong>occursan-</strong></span> 
     </span>
     <span class='ocr_line' id='line_1_33' title="bbox 80 3087 1092 3173; baseline -0.002 -20"><span class='ocrx_word' id='word_1_232' title='bbox 80 3089 176 3156; x_wconf 89' lang='lat' dir='ltr'><strong>tibus.</strong></span> <span class='ocrx_word' id='word_1_233' title='bbox 231 3089 326 3154; x_wconf 92' lang='lat' dir='ltr'><strong>Nunc</strong></span> <span class='ocrx_word' id='word_1_234' title='bbox 363 3094 471 3153; x_wconf 90' lang='lat' dir='ltr'><strong>autem</strong></span> <span class='ocrx_word' id='word_1_235' title='bbox 507 3111 567 3154; x_wconf 89' lang='lat' dir='ltr'><strong>nos</strong></span> <span class='ocrx_word' id='word_1_236' title='bbox 574 3139 583 3173; x_wconf 92' lang='lat'><strong>,</strong></span> <span class='ocrx_word' id='word_1_237' title='bbox 620 3108 758 3172; x_wconf 91' lang='lat' dir='ltr'><strong>quorum</strong></span> <span class='ocrx_word' id='word_1_238' title='bbox 795 3087 891 3153; x_wconf 91' lang='lat' dir='ltr'><strong>duces</strong></span> <span class='ocrx_word' id='word_1_239' title='bbox 928 3087 1092 3170; x_wconf 89' lang='lat' dir='ltr'><strong>roburque</strong></span> 
     </span>
     <span class='ocr_line' id='line_1_34' title="bbox 80 3174 1092 3259; baseline -0.003 -17"><span class='ocrx_word' id='word_1_240' title='bbox 80 3177 199 3242; x_wconf 88' lang='lat' dir='ltr'><strong>virium</strong></span> <span class='ocrx_word' id='word_1_241' title='bbox 222 3198 410 3243; x_wconf 89' lang='lat' dir='ltr'><strong>enumerare</strong></span> <span class='ocrx_word' id='word_1_242' title='bbox 433 3176 564 3242; x_wconf 87' lang='lat' dir='ltr'><strong>difficile</strong></span> <span class='ocrx_word' id='word_1_243' title='bbox 588 3181 646 3259; x_wconf 89' lang='lat' dir='ltr'><strong>est,</strong></span> <span class='ocrx_word' id='word_1_244' title='bbox 669 3176 765 3240; x_wconf 86' lang='lat' dir='ltr'><strong>reniti</strong></span> <span class='ocrx_word' id='word_1_245' title='bbox 788 3176 973 3241; x_wconf 88' lang='lat' dir='ltr'><strong>Alexandro</strong></span> <span class='ocrx_word' id='word_1_246' title='bbox 997 3174 1092 3240; x_wconf 90' lang='lat' dir='ltr'><strong>decli-</strong></span> 
     </span>
    </p>
   </div>
   <div class='ocr_carea' id='block_1_3' title="bbox 80 3332 1113 3608">
    <p class='ocr_par' dir='ltr' id='par_1_4' title="bbox 171 3332 593 3390">
     <span class='ocr_line' id='line_1_35' title="bbox 171 3332 593 3390; baseline 0.005 -2"><span class='ocrx_word' id='word_1_247' title='bbox 171 3333 299 3390; x_wconf 70' lang='lat' dir='ltr'><strong>tcuriae</strong></span> <span class='ocrx_word' id='word_1_248' title='bbox 318 3335 390 3388; x_wconf 77' lang='lat' dir='ltr'><strong>Mar.</strong></span> <span class='ocrx_word' id='word_1_249' title='bbox 419 3350 501 3389; x_wconf 88' lang='lat' dir='ltr'><strong>curae</strong></span> <span class='ocrx_word' id='word_1_250' title='bbox 519 3332 593 3390; x_wconf 80' lang='lat' dir='ltr'><strong><em>A.P.</em></strong></span> 
     </span>
    </p>

    <p class='ocr_par' dir='ltr' id='par_1_5' title="bbox 80 3401 1113 3608">
     <span class='ocr_line' id='line_1_36' title="bbox 173 3401 1095 3462; baseline -0.002 -2"><span class='ocrx_word' id='word_1_251' title='bbox 173 3407 200 3462; x_wconf 75' lang='grc'><strong>7.</strong></span> <span class='ocrx_word' id='word_1_252' title='bbox 230 3411 262 3460; x_wconf 84' lang='grc'><strong>13</strong></span> <span class='ocrx_word' id='word_1_253' title='bbox 282 3405 404 3461; x_wconf 89' lang='lat' dir='ltr'><strong>HuncP.</strong></span> <span class='ocrx_word' id='word_1_254' title='bbox 444 3410 476 3458; x_wconf 87' lang='lat'><strong>18</strong></span> <span class='ocrx_word' id='word_1_255' title='bbox 495 3403 594 3460; x_wconf 93' lang='lat' dir='ltr'><strong>nonP.</strong></span> <span class='ocrx_word' id='word_1_256' title='bbox 622 3403 730 3459; x_wconf 82' lang='lat' dir='ltr'><strong>namA.</strong></span> <span class='ocrx_word' id='word_1_257' title='bbox 769 3410 804 3460; x_wconf 78' lang='lat'><strong>26</strong></span> <span class='ocrx_word' id='word_1_258' title='bbox 823 3403 953 3460; x_wconf 82' lang='lat' dir='ltr'><strong>exeritA.</strong></span> <span class='ocrx_word' id='word_1_259' title='bbox 991 3408 1024 3458; x_wconf 77' lang='grc'><strong>27</strong></span> <span class='ocrx_word' id='word_1_260' title='bbox 1045 3401 1095 3458; x_wconf 83' lang='lat' dir='ltr'><strong>sed</strong></span> 
     </span>
     <span class='ocr_line' id='line_1_37' title="bbox 81 3473 1113 3547; baseline -0.007 -16"><span class='ocrx_word' id='word_1_261' title='bbox 81 3477 156 3532; x_wconf 89' lang='lat' dir='ltr'><strong>enim</strong></span> <span class='ocrx_word' id='word_1_262' title='bbox 178 3477 260 3531; x_wconf 89' lang='lat' dir='ltr'><strong>illum</strong></span> <span class='ocrx_word' id='word_1_263' title='bbox 284 3476 397 3545; x_wconf 89' lang='lat' dir='ltr'><strong>quidem</strong></span> <span class='ocrx_word' id='word_1_264' title='bbox 421 3476 522 3530; x_wconf 84' lang='lat' dir='ltr'><strong>Eterb.</strong></span> <span class='ocrx_word' id='word_1_265' title='bbox 559 3473 663 3531; x_wconf 86' lang='lat' dir='ltr'><strong>Persen</strong></span> <span class='ocrx_word' id='word_1_266' title='bbox 684 3474 756 3530; x_wconf 88' lang='lat' dir='ltr'><strong>adeo</strong></span> <span class='ocrx_word' id='word_1_267' title='bbox 782 3475 820 3532; x_wconf 80' lang='lat' dir='ltr'><strong>A.</strong></span> <span class='ocrx_word' id='word_1_268' title='bbox 857 3491 978 3547; x_wconf 70' lang='lat' dir='ltr'><strong>paona</strong></span> <span class='ocrx_word' id='word_1_269' title='bbox 997 3476 1048 3526; x_wconf 69' lang='lat' dir='ltr'><strong>dm</strong></span> <span class='ocrx_word' id='word_1_270' title='bbox 1067 3475 1113 3524; x_wconf 64' lang='lat' dir='ltr'><strong>Y.</strong></span> 
     </span>
     <span class='ocr_line' id='line_1_38' title="bbox 80 3545 781 3608; baseline 0.01 -8"><span class='ocrx_word' id='word_1_271' title='bbox 80 3553 116 3600; x_wconf 74' lang='lat'><strong>33</strong></span> <span class='ocrx_word' id='word_1_272' title='bbox 133 3546 336 3602; x_wconf 84' lang='lat' dir='ltr'><strong>declinabimus</strong></span> <span class='ocrx_word' id='word_1_273' title='bbox 354 3547 429 3604; x_wconf 70' lang='lat' dir='ltr'><strong>Mac.</strong></span> <span class='ocrx_word' id='word_1_274' title='bbox 466 3545 678 3607; x_wconf 78' lang='lat' dir='ltr'><strong>declinavimus</strong></span> <span class='ocrx_word' id='word_1_275' title='bbox 698 3548 781 3608; x_wconf 79' lang='lat' dir='ltr'><strong>A.P.</strong></span> 
     </span>
    </p>
   </div>
   <div class='ocr_carea' id='block_1_4' title="bbox 0 0 1212 3826">
    <p class='ocr_par' dir='ltr' id='par_1_6' title="bbox 0 0 1212 3826">
     <span class='ocr_line' id='line_1_39' title="bbox 0 0 1212 3826; baseline 0 0"><span class='ocrx_word' id='word_1_276' title='bbox 0 0 1212 3826; x_wconf 95' lang='lat' dir='ltr'><strong> </strong></span> 
     </span>
    </p>
   </div>
  </div>
 </body>
</html>
