2414 3826
132 166 195 229 116
479 204 487 219 .
546 162 656 219 LIBER
672 164 720 220 ΠΙ.

129 330 319 394 bestiarum.
364 327 470 412 Igitur
495 329 621 392 statuas
650 347 760 391 aereas
784 327 1062 410 quamplurimas
1089 328 1146 392 ad-

129 418 203 484 vehi
237 438 343 480 secum
374 415 552 498 quibusque
584 414 623 479 de
656 415 812 498 proximis
845 415 925 480 loeis
961 415 1001 480 ad
1035 417 1145 481 locum

129 506 245 592 proelii
264 505 363 569 iubet.
403 503 496 580 Quod
519 503 576 568 ubi
599 503 720 568 factum
743 508 804 588 est,
825 502 946 568 ibidem
969 506 1045 589 igne
1070 505 1146 570 sub-

130 596 215 661 iecto
245 615 342 677 quam
372 593 511 676 plurimo
542 592 683 657 calefieri
715 614 770 658 eas
802 596 835 657 et
864 593 964 677 igniri
994 591 1146 677 festinat3

98 686 287 766 aerantque
316 703 372 746 eae
397 684 524 746 statuae
547 684 624 765 post
645 680 770 764 primos
796 681 877 746 aciei
905 683 1034 747 ordines
1062 683 1147 747 sitae

131 774 228 855 atque
247 771 295 835 ita
314 773 388 835 ante
407 770 484 833 belli
502 773 630 853 tempus
645 768 795 834 hostibus
810 770 1004 835 invisitatae.
1033 770 1147 836 Enim-

131 882 207 926 vero
236 859 293 924 ubi
320 859 415 943 signa
442 859 560 924 bellica
593 859 746 941 crepuere
778 859 937 942 primique
969 880 1146 924 concursus

130 950 274 1034 partium
297 948 528 1031 sperabantur,
554 945 628 1023 Indi
651 947 783 1011 barbari
810 948 897 1011 feras
925 948 998 1012 illas
1021 947 1145 1012 bestias

131 1060 209 1123 prae
234 1043 274 1102 se'
291 1037 337 1101 ire
361 1037 541 1119 dimittunt,
563 1037 610 1099 ita
634 1035 757 1101 seilicet
780 1035 900 1119 doctas,
922 1040 960 1100 ut
982 1058 1056 1101 eum
1080 1037 1146 1121 pri-

92 1149 118 1187 10
132 1149 221 1191 mum
245 1127 280 1190 in
304 1124 455 1190 adversos
478 1123 678 1190 velavissent
701 1124 848 1208 circaque
876 1146 930 1189 eas
954 1125 1147 1208 proeliaturi

133 1214 245 1280 hostes
260 1217 502 1298 occuparentur,
514 1213 599 1277 nihil
612 1212 701 1277 Indis
717 1213 1019 1297 supervenientibus
1035 1235 1146 1278 morae

130 1305 236 1384 fieret,
264 1303 343 1386 quin
365 1302 468 1367 libera
494 1301 661 1366 iaculandi
689 1302 795 1367 hostis
823 1302 1068 1387 trucidandique
1096 1302 1147 1367 fa-

132 1394 395 1475 cultaspateret.
440 1389 478 1453 ld
501 1389 557 1453 ubi
579 1389 704 1455 factum
728 1393 787 1473 est,
810 1391 976 1473 praedocti
995 1389 1146 1456 Macedo·

131 1497 208 1544 num
233 1479 361 1543 ordines
384 1477 481 1561 primi
502 1479 671 1561 paululum
693 1479 732 1543 de
754 1478 837 1563 loco,
860 1501 924 1564 quo
947 1479 1146 1562 institerant,

92 1588 118 1629 rs
132 1567 323 1651 repedantes
355 1567 478 1651 ignitas
511 1570 636 1631 statuas
664 1568 905 1632 incursantibus
933 1567 1047 1632 bestiis
1072 1590 1147 1652 pro·

132 1657 222 1721 dunt.
268 1654 356 1732 Quas
380 1677 453 1720 oum
475 1655 559 1719 falsa
581 1655 664 1721 faeie
682 1657 771 1720 velut
794 1657 893 1720 etiam
917 1657 1069 1721 candenti
1093 1679 1146 1722 co·

132 1746 214 1828 lore,
241 1744 366 1829 impetu
388 1744 468 1808 belli
491 1745 660 1828 complexu
687 1748 721 1809 et
747 1745 910 1810 morsibus
936 1745 1146 1827 adfectarent,

132 1856 207 1898 mox
237 1833 364 1898 sauciae
395 1833 579 1917 debilesque
608 1837 664 1898 aut
690 1834 839 1917 protinus
869 1833 983 1899 cadere
1012 1837 1069 1898 aut
1095 1856 1146 1899 re·

131 1923 243 2008 fugere
272 1943 405 2006 coepere
434 1923 565 1987 omnino
593 1923 717 1986 nullum
747 1922 862 1986 auxilii
892 1923 990 1987 ullius
1022 1923 1148 1987 emolu·

93 2033 120 2074 ro
135 2015 281 2077 mentum
305 2012 444 2076 dominis
468 2010 659 2077 adferentes.

222 2100 254 2166 7.
280 2099 395 2183 Sieque
413 2100 503 2165 Indis
527 2100 568 2163 ab
591 2099 649 2166 illo
671 2099 815 2163 ferarum
837 2100 956 2164 auxilio
976 2098 1146 2164 destitutis
1164 2104 1204 2153 11.

132 2189 271 2254 secunda
295 2189 463 2253 concursio
485 2188 564 2271 fuit,
591 2191 628 2252 ut
650 2189 712 2271 ipsi
735 2189 820 2271 privi
842 2187 928 2251 inter
951 2209 1020 2252 sese
1043 2188 1146 2253 virtu-

131 2278 218 2341 tibus
242 2276 473 2358 experirentur.
515 2276 622 2360 Igitur
645 2275 763 2341 Persae
787 2297 920 2361 coepere
944 2276 1075 2359 sagittis
1095 2276 1148 2340 In·

133 2365 191 2429 dos
222 2365 381 2427 incessere
415 2364 580 2446 ceteroqui
616 2364 721 2428 nudos
752 2387 914 2430 armorum
955 2366 1147 2450 eminusque

92 2472 119 2514 ro
133 2452 307 2536 configere,
330 2473 433 2536 neque
457 2452 562 2515 minus
586 2473 641 2517 eos
666 2454 868 2536 equestribus
891 2454 1022 2537 proeliis
1047 2476 1148 2537 quam

132 2539 418 2605 vehementissime
436 2539 627 2606 Macedones
646 2541 796 2627 fatigare.
834 2540 915 2606 Cum
940 2543 1057 2626 quibus
1081 2565 1148 2607 una

133 2652 205 2695 cum
233 2629 302 2713 ipse
326 2627 510 2694 Alexander
536 2631 679 2713 periculo
702 2652 769 2694 non
793 2631 933 2714 deesset,
961 2652 1062 2714 equus
1090 2632 1148 2697 ille

132 2717 329 2804 Bucephala,
352 2740 414 2802 quo
439 2719 629 2800 vehebatur,
652 2718 729 2783 Pori
753 2719 864 2785 dextra
886 2720 1086 2804 vulneratur,
1110 2726 1146 2786 et

223 2966 376 3033 lquautas
396 2961 531 3030 plurimas
550 2964 582 3019 P.
655 2970 671 3018 3
692 2963 767 3032 quod
784 2963 833 3018 ubi
851 2964 957 3018 factum
977 2966 1033 3031 est,
1057 2965 1089 3018 ia
1110 2964 1146 3019 P.

82 3041 90 3057 '
132 3036 232 3089 omisso
255 3052 309 3090 esse
334 3034 520 3089 Vollcmoaaas
542 3036 611 3089 dicit
633 3036 745 3104 (Adaei.
770 3038 829 3089 orit.
848 3051 878 3104 p.
895 3038 949 3100 15).
986 3035 1051 3104 igne
1073 3036 1107 3090 P.
1115 3036 1146 3091 Ο.

132 3106 193 3174 igni
207 3108 243 3160 A.
287 3110 302 3157 5
322 3106 392 3158 heae
411 3107 521 3160 statuae
536 3108 570 3159 A.
578 3107 610 3160 P.
639 3108 702 3174 post
720 3106 824 3174 primas
843 3105 917 3160 acies
937 3108 966 3160 et
984 3106 1094 3160 ordines
1110 3108 1147 3161 A.

135 3182 167 3231 16
187 3177 276 3230 veluti
296 3177 380 3230 etiam
400 3176 511 3231 cedenti
530 3176 562 3230 P.
591 3177 699 3244 ductae,
719 3177 823 3231 etiam?
875 3182 906 3230 17
928 3175 1091 3230 affectarent
1111 3181 1147 3234 A.

133 3253 167 3302 20
187 3248 316 3301 dominus
335 3247 365 3300 P.

224 3320 251 3374 7.
271 3324 305 3371 22
325 3319 357 3370 ut
375 3335 425 3372 oar.
446 3318 480 3371 P.
513 3317 587 3387 privi
605 3318 637 3374 P.
665 3317 744 3388 prius
763 3320 798 3373 A.
853 3324 887 3372 23
907 3318 1092 3373 exferirentur
1110 3321 1147 3374 A.

133 3395 168 3442 24
183 3391 345 3459 ceterosque
356 3389 387 3443 P.
408 3389 571 3456 eminusque
582 3390 730 3458 confugere
741 3393 776 3444 A.
796 3389 950 3445 comminus
961 3390 1100 3460 configere
1112 3392 1147 3446 P.

120 3464 276 3581 ottgqqque
295 3460 386 3513 minus
405 3461 440 3513 A.
469 3458 619 3528 quominus
640 3461 674 3514 P.
729 3467 763 3516 26
782 3461 936 3532 fatigarent
953 3461 986 3516 P.
1043 3463 1147 3516 atille
