2414 3826
129 173 171 238 28
562 170 673 227 LIBER
690 171 710 227 L

130 359 204 402 cum
226 336 366 420 populus
390 335 495 400 adhuc
523 335 557 400 in
584 334 714 401 theatro
737 335 938 420 turbaretur,
961 333 1145 400 Pausanias

129 446 220 508 vero,
249 427 288 488 ut
319 424 468 508 diximus,
497 427 627 507 raptum
656 425 838 506 moliretur,
869 422 952 488 forte
980 424 1077 488 rebus
1105 445 1146 489 ex

130 512 293 578 sententia
314 511 510 598 perpetratis
533 511 721 578 Alexander
744 515 975 596 supervenerat
998 512 1145 578 offendit

129 623 191 686 que
210 603 324 667 turbas
344 605 377 666 et
394 600 460 666 vim
480 604 513 666 et
530 602 664 667 vulnera
683 601 837 685 Philippi.
878 601 1013 684 Quibus,
1035 604 1074 665 ut
1093 623 1145 667 res

103 688 214 775 serat,
244 691 383 776 cognitis
412 692 640 774 auctoremque
671 711 782 755 earum
811 711 920 755 rerum
946 687 1145 754 Pausaniam

128 780 209 845 haec
233 778 429 864 designasse,
452 779 584 844 inruens
607 778 731 863 regiam
755 780 790 842 in
812 778 885 862 ipso
908 781 1005 861 raptu
1028 779 1145 844 matris

129 867 311 932 Pausaniae
329 867 518 933 violentiam
537 867 757 951 deprehendit,
781 888 918 951 eumque
942 888 1015 931 cum
1037 867 1145 932 iaculo

130 956 308 1022 destinaret
332 959 560 1039 tenereturque
585 955 755 1020 formidine
780 957 894 1021 matris
917 955 1147 1040 vulnerandae,

130 1044 298 1129 Olympias
322 1046 368 1110 sic
392 1045 597 1111 adhortatur:
621 1042 806 1128 ‘Ioculare'
828 1045 944 1128 inquit,
967 1042 1037 1128 ‘fi1i,
1059 1045 1146 1109 iacu-

90 1153 117 1193 ιο
131 1135 211 1199 lare!
234 1156 275 1199 ne
295 1134 438 1217 dubites3
460 1134 565 1199 habeo
585 1131 671 1196 enim
691 1132 874 1216 praesidem
892 1134 1091 1201 Ammonem
1115 1140 1148 1198 et

130 1221 371 1307 protectorem?

222 1309 279 1376 18.
303 1310 479 1375 Enimvero
504 1307 689 1374 Alexander
711 1311 800 1375 nullo
824 1309 948 1394 impetu
971 1309 1066 1394 vinci,
1090 1310 1147 1375 sed
1164 1321 1191 1372 1:

131 1421 204 1463 cum
224 1400 347 1481 spirare
367 1399 465 1463 etiam
484 1401 562 1463 tunc
580 1402 706 1482 patrem
722 1398 911 1482 Philippum
927 1399 1149 1483 comperisset,

132 1486 269 1551 eundem
288 1487 404 1551 advehi
423 1487 573 1552 illorsum
591 1487 682 1551 iubet
701 1487 918 1572 gladiumque,
940 1508 1037 1571 quem
1056 1507 1149 1572 gere-

92 1592 118 1634 15
133 1575 192 1639 bat
210 1576 288 1660 ipse,
307 1576 472 1641 conlatum
490 1576 526 1640 in
545 1575 711 1641 dexteram
724 1577 828 1659 patris
847 1576 945 1660 misit,
964 1597 1028 1660 quo
1047 1597 1149 1641 manu

131 1664 401 1818 tltttttt
429 1664 1149 1818 Pilhniils⁰ltrllil³i¹l1i⁰th¹¹5uhi

131 1863 216 1906 nunc
232 1863 308 1906 sane
328 1840 399 1926 est,'
418 1773 535 1927 inquigt,
553 1840 651 1926 ‘quod
670 1863 722 1905 me
736 1841 824 1906 vitae
837 1775 987 1907 finispdht
1001 1803 1149 1907 huiusce·

131 1930 219 1996 modi
248 1953 336 1996 mors
365 1931 553 2015 contristet3
582 1931 670 1994 ultus
698 1930 785 1995 enim
814 1933 980 1996 auctorem
1009 1930 1149 1996 iniuriae

92 2037 118 2078 so
133 2019 237 2085 libens
261 2023 425 2106 oppetam.
467 2020 575 2103 Atque
599 2019 671 2083 ideo
694 2018 789 2083 illaec
810 2040 898 2083 nunc
922 2019 963 2083 ab
986 2017 1149 2084 Ammone

132 2107 218 2174 dicta
231 2109 431 2187 reminiscor,
448 2131 529 2194 quae
544 2112 622 2173 tunc
637 2107 734 2172 matri
748 2110 824 2172 tuae
839 2105 1029 2191 Olympiadi
1042 2107 1148 2172 filium

132 2195 201 2261 fore
220 2198 321 2262 talem
335 2198 530 2283 praegnanti
550 2196 698 2261 dixerant
711 2196 900 2281 parituram,
919 2198 975 2280 qui
992 2217 1060 2260 non
1079 2196 1149 2261 eius

131 2284 228 2349 modo
252 2285 399 2349 adsertor
425 2289 525 2367 esset,
553 2285 609 2348 sed
631 2284 749 2349 vindex
776 2305 902 2369 quoque
929 2285 1033 2368 patris
1062 2284 1150 2349 foret

132 2370 282 2437 futurus?
328 2370 375 2437 Et
400 2394 472 2437 cum
494 2372 547 2436 his
572 2372 666 2437 dictis
689 2373 837 2438 moritur.
883 2370 1024 2438 Curatur
1047 2373 1150 2458 igitur

92 2477 118 2519 ss
133 2459 285 2543 Philippo
310 2461 401 2544 regia
424 2461 592 2544 sepultura
619 2462 759 2526 maerori
781 2461 939 2526 eiusmodi
965 2462 1054 2526 omni
1077 2461 1148 2526 Ma·

133 2548 267 2613 cedonia
290 2549 470 2633 etreliqua
493 2548 630 2614 Graecia
653 2550 870 2634 conspirante.

224 2636 281 2704 19.
305 2636 372 2703 Ubi
390 2639 493 2723 igitur
511 2637 577 2702 iam
596 2639 677 2703 moti
696 2638 798 2703 animi
816 2637 986 2702 hominum
1005 2637 1064 2701 illa
1114 2642 1191 2699 XXV

133 2746 241 2790 rerum
264 2727 409 2792 novitate
434 2726 608 2811 quietiores
632 2727 694 2792 visi
717 2748 788 2791 esse
811 2730 996 2810 potuerunt,
1020 2726 1148 2790 scandit
1165 2729 1191 2779 1:

222 2899 425 2970 1Pausaniae,
448 2917 520 2970 quae
543 2899 678 2971 diximus,
702 2899 848 2956 moliretur
872 2901 905 2957 P.
984 2898 1148 2970 4Philippi

132 2985 183 3024 om.
204 2970 238 3024 P.
312 2972 418 3027 thaec
437 2989 488 3026 om.
508 2972 543 3026 P.

223 3041 405 3098 18.1arum
427 3042 461 3097 P.
510 3047 544 3097 14
563 3043 682 3097 eundem
701 3041 727 3096 ei
745 3041 849 3098 advehi
866 3041 932 3096 illos
951 3043 985 3097 P.
1030 3047 1062 3096 15
1083 3057 1148 3096 con·

132 3109 184 3165 lati
202 3112 235 3166 P.
261 3111 339 3167 misit
356 3130 406 3168 om.
427 3114 458 3168 P.
506 3119 539 3168 16
558 3130 677 3183 poenam
696 3120 807 3182 quoque
825 3112 952 3183 profecto
972 3114 1005 3168 P.
1058 3117 1091 3166 18
1111 3113 1148 3167 ad

132 3182 327 3237 huiuscemodi
347 3185 381 3241 P.
411 3187 441 3238 et
458 3184 485 3238 h.
505 3190 533 3239 1¹.
588 3190 622 3237 20
641 3182 724 3238 illaec
745 3184 778 3238 P.
807 3184 858 3237 illa
877 3185 907 3239 et
924 3183 960 3238 A.
1013 3189 1048 3238 22
1067 3198 1148 3252 prae-

132 3252 262 3309 dixerant
276 3271 340 3309 eum
354 3272 410 3310 nou
426 3253 565 3310 eiusmodi
579 3255 761 3321 adsertorem,
776 3255 824 3309 sed
838 3257 870 3308 ut
883 3254 1023 3309 vindicem
1036 3269 1147 3322 quoque

131 3324 221 3394 patris
239 3325 363 3380 futurum
383 3332 410 3381 2.
435 3327 561 3382 similiter
582 3325 615 3380 P.
658 3330 692 3380 24
712 3325 795 3381 dictis
814 3342 863 3381 om.
885 3326 954 3382 r.P.
992 3329 1027 3379 25
1046 3341 1063 3378 a
1082 3322 1147 3378 Phi-

131 3394 209 3464 lippo
230 3395 263 3448 P.
292 3397 396 3451 meroni
414 3397 551 3451 eiusmodi
570 3396 637 3454 1¹.P.
665 3396 695 3450 in
715 3397 879 3452 memoriam
898 3394 1024 3451 eiusdem
1042 3394 1078 3450 A.

114 3547 165 3584 m
188 3465 270 3584 ΑΒ.
296 3468 407 3522 2'1iam
425 3466 496 3522 moti
515 3466 641 3522 P.Mas'¹.
671 3470 716 3537 (ex
738 3467 806 3537 Aa).
835 3467 923 3522 amoti
941 3467 978 3521 A.
1033 3471 1068 3521 28
1088 3481 1148 3521 esse
