2414 3826
403 169 534 227 OBITUS
552 171 774 227 ALEXANDRI.
1029 173 1093 238 129

79 334 291 400 imminentis.
327 333 437 418 Atque
455 334 527 398 ideo
547 356 637 408 arma
656 335 784 418 quidem
803 356 900 419 quam
919 357 1094 420 properan-

78 424 205 489 tissime
224 422 383 507 capimus3
408 422 527 486 mando
545 444 621 488 vero
642 423 733 508 ignes
757 445 853 507 quam
877 424 1035 489 maximos
1060 428 1092 489 et

78 511 292 578 creberrimos
315 511 386 574 fieri
410 510 562 594 silvisque
589 511 669 596 ipsis
697 512 898 598 conflagrare
927 513 1092 578 facillimis

78 600 215 667 immitti
241 598 398 664 incendia
443 598 531 674 Quae
559 620 611 663 res
642 600 703 664 etsi
730 601 908 685 plurimum
935 605 1092 686 quantum

77 693 193 756 contra
212 687 454 752 multitudinem
474 687 654 753 bestiarum
677 689 830 773 opitulari
852 690 1119 776 trepidantibuss

78 781 217 863 poterat,
240 777 360 842 invitat
381 780 492 840 tamen
510 776 679 841 nimietate
697 778 829 842 luminis
852 779 1010 861 plurimas
1033 779 1092 844 illo

78 866 285 949 contendere3
308 865 403 948 idque
422 868 586 929 certamen
604 864 638 928 in
658 886 695 931 eo
714 887 816 950 usque
834 867 930 932 novis
948 867 1090 933 vitandis

79 955 231 1040 perieulis
250 953 320 1037 fuit,
340 953 442 1018 donec
461 953 557 1018 lunae
576 974 649 1018 cum
669 975 785 1020 occasu
804 957 955 1020 umbrata
973 956 1091 1019 tellure

80 1043 252 1127 effusisque
271 1041 414 1107 tenebris
434 1042 476 1106 ad
495 1046 649 1107 consueta
663 1043 819 1108 silvarum
836 1043 965 1129 refugia
979 1065 1117 1109 omnese

79 1133 157 1197 illae
180 1131 305 1196 bestiae
327 1133 518 1196 remearent.
563 1129 639 1196 Non
662 1131 753 1215 prius
780 1135 890 1196 tamen
914 1135 1093 1196 memorata
1111 1143 1160 1195 33.

80 1221 232 1286 saevities
257 1219 471 1283 animantium
499 1219 645 1303 receptui
667 1220 820 1302 consulit,
849 1243 946 1306 quam
969 1221 1002 1285 id
1026 1220 1093 1285 ani·

79 1309 146 1374 mal
180 1309 435 1392 supervenisset,
468 1308 554 1391 quod
585 1329 721 1393 regnum
754 1309 884 1392 quidem
916 1313 1026 1373 tenere
1057 1309 1093 1373 in

78 1399 177 1462 hasce
201 1397 322 1461 bestias
347 1397 478 1482 dieitur3
504 1396 636 1462 nomine
664 1401 771 1462 autem
795 1398 1093 1482 odontotyrannum

78 1491 208 1552 vocant.
250 1485 339 1551 Haec
357 1485 463 1550 bestia
481 1485 565 1550 facie
588 1485 783 1569 elephantus
802 1487 931 1570 quidem
954 1488 1014 1571 est,
1037 1487 1093 1552 sed

79 1574 304 1660 magnitudine
335 1575 432 1638 etiam
464 1574 559 1639 buius
591 1575 765 1640 animantis
798 1575 897 1659 longe
929 1580 1134 1660 provectam

79 1685 139 1729 nec
163 1663 270 1728 minor
299 1663 397 1728 etiam
426 1662 627 1727 saevitudine
654 1663 841 1728 hominibus
870 1665 999 1750 egregie
1027 1685 1095 1729 sae·

79 1752 252 1817 vientibus.
306 1750 410 1826 Quare
441 1773 515 1815 cum
544 1755 674 1817 nostros
708 1753 884 1817 incesseret
921 1773 958 1817 ac
992 1752 1094 1817 ferme

79 1841 198 1924 viginti
226 1844 259 1905 et
287 1862 343 1904 sex
371 1839 409 1903 de
438 1840 682 1905 occursantibus
706 1841 793 1906 viros
822 1840 920 1906 morti
943 1840 1094 1923 dedisset,

80 1930 211 1994 tandem
235 1933 346 1993 tamen
369 1927 494 2011 reliqua
517 1927 725 1993 multitudine
748 1929 880 2013 ignibus
904 1928 1093 1992 circumval-

79 2020 166 2083 latur
202 2022 235 2083 et
266 2017 433 2082 sternitur.
487 2015 603 2081 Adhuc
638 2019 749 2080 tamen
792 2016 919 2081 saueius
958 2015 1093 2081 odonto·
1107 2039 1135 2079 rc

79 2112 240 2190 tyrannus
273 2128 346 2171 oum
381 2105 523 2170 indidem
554 2103 683 2190 fugiens
716 2126 818 2189 aquae
850 2105 973 2168 fluenta
1009 2103 1094 2168 inru-

81 2195 184 2279 pisset
201 2195 311 2278 ibique
331 2194 591 2280 exanimavisset,
614 2194 668 2258 vix
686 2196 907 2259 trecentorum
924 2193 1094 2257 hominum

81 2306 196 2348 manus
218 2284 292 2349 nisu
316 2286 479 2348 extractus
499 2282 537 2346 de
555 2283 687 2347 flumine
708 2286 766 2348 est.
803 2281 969 2348 Hactenus
991 2282 1094 2367 igitur

80 2373 189 2438 noctis
213 2373 300 2437 illius
324 2372 418 2438 nobis
442 2372 578 2456 periculi
599 2371 675 2436 finis
698 2371 770 2437 fuit.
1109 2391 1136 2432 aa

172 2459 230 2526 al.
253 2459 365 2546 Longe
388 2465 498 2526 tamen
521 2460 700 2544 molestius,
722 2497 767 2509 -
790 2483 853 2545 quo
877 2460 965 2525 enim
987 2461 1094 2526 caveri
1112 2469 1160 2522 34.

81 2550 246 2614 difficilius
262 2553 332 2614 erat
345 2549 480 2634 -qnod
495 2554 571 2633 post
590 2550 707 2615 evenit.
742 2550 899 2614 Tenebris
918 2550 1004 2614 enim
1019 2553 1095 2632 post

82 2659 232 2704 oceasum
254 2639 351 2702 lunae
374 2639 485 2704 omnia
504 2639 774 2704 obumbrantibus
802 2639 1024 2721 nyctalopicas
1047 2638 1094 2702 vi·

82 2748 170 2792 seres
190 2728 230 2792 de
249 2727 357 2792 arenis
376 2726 547 2812 profundis
566 2747 729 2811 emergere
749 2748 814 2791 non
833 2725 970 2791 minoris
989 2725 1095 2810 longi·

171 2900 220 2956 20.
255 2908 368 2956 larma
386 2903 471 2969 atque
490 2899 605 2970 quidem
618 2901 652 2954 P.
707 2899 798 2955 4etsi
811 2899 883 2953 Mai.
902 2901 932 2954 et
948 2897 1004 2968 ipsi
1019 2899 1096 2954 A.P.

82 2971 223 3027 tinvitat
240 2975 337 3026 tamen
355 2970 502 3026 nimietate
522 2972 597 3026 Mai.
633 2970 725 3028 invita
745 2975 842 3026 tamen
860 2968 947 3025 animi
965 2969 1026 3024 etat
1060 2970 1098 3025 A.

81 3041 199 3098 invisita
216 3046 312 3099 tamen
329 3041 476 3097 nimietate
487 3042 521 3097 P.
560 3044 739 3098 lcertamen
748 3043 785 3095 A.
803 3040 944 3097 certandis
954 3040 986 3094 P.
1015 3039 1045 3094 in
1065 3057 1098 3095 eo

81 3113 252 3182 usqueAP
272 3129 360 3182 usquc
376 3129 408 3168 eo
422 3113 452 3167 in
459 3112 557 3169 Sellae.
583 3112 746 3168 novisAP.
765 3112 862 3168 nobis?
899 3117 916 3167 8
931 3111 1020 3167 donee
1034 3128 1098 3165 cum

81 3186 210 3240 lunaeA.
250 3191 283 3240 10
301 3184 502 3239 remearuntP.
540 3189 572 3239 13
592 3185 684 3239 hasP.
713 3183 895 3239 nomineMr.
913 3181 1097 3238 nomenA.P.

83 3259 117 3310 lt
136 3259 271 3325 provecta
290 3256 349 3311 Mr.
377 3256 527 3324 provectus
545 3256 581 3309 A.
610 3257 775 3325 praevectus
794 3256 829 3310 P.
886 3261 918 3310 16
937 3251 1098 3309 hominibus

82 3343 132 3382 om.
152 3327 186 3382 P.
225 3333 257 3381 17
281 3326 371 3382 Verbo
391 3326 488 3393 ‘quare
504 3357 536 3366 -
553 3330 586 3380 19
601 3326 794 3382 multitudine’
815 3342 865 3381 om.
884 3326 917 3382 P.
960 3329 994 3379 23
1014 3339 1099 3377 manu

82 3397 146 3452 nisu
165 3398 198 3452 P.
226 3396 289 3452 nisu
311 3398 355 3452 del
378 3398 437 3451 Mr.
468 3397 609 3452 extractus
634 3399 707 3452 Mai.
736 3398 861 3452 extracta
883 3398 919 3450 A.
947 3395 1103 3473 tractaP.

173 3468 221 3524 21.
241 3475 275 3524 26
294 3466 370 3523 enirn
379 3468 415 3522 A.
434 3465 521 3537 igitur
532 3468 564 3523 P.
625 3474 659 3526 Ἡ
678 3467 777 3525 omnixe.
789 3468 892 3524 oud.
913 3464 1129 3530 svesamma
1190 3534 1193 3541 Ι

80 3540 186 3608 ambul
214 3537 384 3609 nitalopr'cas
402 3540 439 3596 P.
468 3539 670 3617 ynitalopicas
689 3543 728 3600 A.

121 3635 210 3678 Ivarus
226 3638 362 3684 Vmerus.
978 3621 1002 3667 ἢ
