2414 3826
102 195 147 260 54
534 193 642 248 LIBER
659 191 680 247 1.

101 356 349 422 transvehentes
372 355 517 440 peditum
542 348 672 420 suorrim
698 355 805 420 iacula
827 353 984 438 torqueri:
1013 374 1117 437 eoque

101 445 280 531 perfectum
309 447 371 529 est,
398 448 436 508 ut
463 445 553 509 brevi
577 445 682 509 omnis
709 445 764 508 ille
788 464 939 508 curruum
961 463 1117 506 numerus

102 537 267 599 teneretur
295 555 360 599 una
388 534 478 616 equis
507 536 540 596 et
564 532 787 617 aurigantibus
810 531 894 596 fixis.
939 529 1045 615 Igitur
1069 553 1117 594 se·
1189 568 1193 576 ·

102 623 179 689 data
193 621 376 707 formidine,
394 618 490 705 quam
505 621 622 686 Persae
642 620 680 686 de
699 621 845 686 curribus
864 621 1118 703 intentaverant,

70 715 278 794 coequatum
308 732 404 775 omne
434 710 594 794 proelium
623 709 803 775 videbatur.
857 708 988 793 Agebat
1017 729 1116 793 porro

102 798 287 864 Alexander
304 799 339 862 in
358 798 471 864 dextro
491 820 601 883 cornu,
624 797 709 882 quod
729 799 821 862 laevo
841 797 967 865 scilicet
984 795 1116 862 Persico

103 887 265 953 obviabat.
302 887 455 953 Inscenso
477 887 578 972 igitur
602 908 683 970 equo
708 886 838 971 signum
863 885 1025 970 increpari
1049 886 1116 949 bel-

101 977 199 1043 licum
232 975 379 1059 mandat,
416 998 545 1060 unaque
577 975 764 1040 coeuntium
796 976 919 1039 clamor
949 974 1118 1039 adtollitur

102 1065 237 1151 ancipiti
260 1065 344 1129 satis
362 1065 486 1147 proelio
511 1086 548 1128 ac
576 1063 735 1128 diuturno.
787 1060 868 1128 Cum
890 1063 1014 1127 interea
1040 1061 1117 1126 sini-

62 1159 209 1220 lustrum
233 1175 332 1218 cornu
351 1152 560 1217 Macedonum
586 1175 605 1216 a
628 1151 739 1236 Dario,
764 1151 818 1236 qui
842 1153 876 1216 in
900 1151 1019 1215 dextris
1044 1172 1116 1215 suo-

102 1265 175 1307 rum
194 1242 323 1326 agebat,
348 1242 379 1305 vi
398 1240 521 1305 maiore
539 1239 619 1325 pelli
638 1240 845 1323 conspicatur
867 1239 1116 1323 implicatosque

103 1331 232 1395 ordines
262 1329 432 1394 universos
465 1349 531 1392 non
564 1332 633 1392 tam
664 1328 887 1394 discriminum
920 1327 1116 1393 necessitate

103 1440 200 1502 quam
225 1417 455 1500 multitudinis,
477 1416 660 1482 inconsulto
685 1417 866 1501 subpetiari
889 1416 1115 1481 laborantibus

102 1510 342 1590 properaverat.
383 1505 482 1570 Exim
500 1506 573 1597 pari
595 1506 759 1590 utrimque
783 1505 901 1570 oborta
924 1504 1020 1570 caede
1044 1527 1117 1570 cum
1137 1513 1180 1565 53.

62 1615 89 1656 15
104 1616 178 1679 spes
193 1593 297 1658 exitus
312 1593 495 1678 fluctuaret,
513 1593 684 1677 repentino
699 1594 785 1659 forte
802 1593 900 1658 imbri
914 1594 1117 1678 procedente,

102 1685 153 1747 vel
181 1682 346 1752 adversari
375 1682 438 1746 sibi
464 1683 595 1747 caelites
623 1682 654 1747 id
683 1681 800 1748 Persae
828 1682 1037 1767 interpretati
1066 1682 1118 1747 vel

72 1796 74 1803 ·
102 1771 144 1836 ad
172 1771 323 1836 elementi
356 1771 424 1835 eius
457 1771 610 1836 iniuriam
642 1771 807 1837 molliores
840 1771 920 1856 fuga
952 1772 1118 1836 facessunt

101 1882 231 1944 unaque
249 1860 300 1924 his
320 1859 482 1945 Amyntas
502 1858 648 1942 Macedo,
667 1859 822 1926 Antiochi
840 1860 937 1944 filius,
962 1861 1017 1944 qui
1037 1860 1117 1924 olim

101 1949 273 2034 transfuga
287 1949 380 2014 Darii
399 1948 576 2014 amicitiam
596 1952 814 2033 cooptaverat.
848 1948 973 2032 Quippe
992 1948 1117 2033 fugien-

62 2061 89 2099 20
102 2040 190 2105 tibus
210 2044 243 2103 et
261 2042 390 2123 tempus
409 2039 509 2103 horae
527 2037 764 2122 blandiebatur,
783 2037 868 2121 quod
887 2058 1116 2122 vesperascens

101 2128 292 2194 foeditatem
310 2126 506 2212 fugientium
527 2127 650 2211 pariter
670 2129 703 2191 et
720 2127 899 2210 periculum
913 2127 1117 2210 pertexisset.

102 2216 220 2280 Darius
243 2219 354 2284 tamen
375 2215 562 2296 [difficilius]
583 2219 673 2280 ratus
693 2215 878 2280 delicatiore
903 2215 962 2280 illa
981 2215 1061 2299 fuga
1085 2219 1117 2279 et

102 2303 251 2367 vehiculo
270 2303 374 2385 regali
391 2303 570 2385 periculum
591 2303 721 2386 evitare,
746 2304 895 2388 quodque
919 2326 936 2369 e
960 2306 1117 2388 suggestu

102 2391 211 2474 regiae
244 2390 344 2453 turris
376 2389 560 2475 promptius
590 2391 820 2474 conspicabilis
853 2393 953 2475 foret,
987 2414 1117 2457 currum

63 2499 89 2539 es
105 2477 234 2562 quidem
261 2477 296 2541 in
323 2479 395 2543 loca
423 2479 581 2562 quaedam
605 2479 788 2545 abdendum
817 2481 950 2546 mandat
974 2485 1006 2546 et
1030 2503 1117 2546 aver-

102 2566 251 2651 tendum,
292 2567 362 2650 ipse
404 2571 513 2631 autem
555 2590 636 2652 equo
675 2589 849 2634 conscenso
887 2568 1116 2653 properantiae

103 2655 253 2720 consulit:

192 2889 205 2936 1
221 2883 348 2952 peditum
356 2882 392 2938 A.
401 2883 435 2938 P.
454 2883 577 2937 militum
585 2890 614 2937 ’2.
651 2889 669 2937 4
683 2883 830 2938 forminine
839 2883 871 2938 P.
910 2883 1069 2938 lInsoenso
1080 2884 1116 2938 A.

102 2954 216 3008 incenso
231 2955 264 3009 P.
294 2961 464 3009 conscenso?
513 2960 545 3008 11
565 2953 635 3023 pelli
653 2955 709 3011 Mr.
739 2953 807 3009 belli
826 2954 901 3010 A.P.
939 2954 1118 3024 conspicatur

102 3039 171 3080 corr.
191 3041 225 3079 ca
243 3026 422 3095 conspicatus
440 3025 477 3080 A.
532 3032 565 3079 14
583 3026 695 3094 utrique
714 3026 746 3082 P.
799 3031 831 3078 15
850 3027 1020 3093 procedente
1039 3027 1117 3080 codd.

102 3094 265 3165 procidente
278 3096 356 3152 Viae.
371 3096 442 3151 Bell.
456 3103 482 3151 ct
494 3095 552 3150 Mr.
591 3104 623 3151 16
642 3096 758 3152 coelites
770 3097 893 3166 Machly.
913 3096 1030 3151 caelitus
1041 3095 1116 3150 AP.

105 3172 137 3219 17
157 3167 255 3237 fugam
264 3167 297 3221 P.
317 3167 660 3238 fugamcapessuntEpit.
672 3167 800 3234 cfiIL28.
835 3172 867 3221 19
887 3169 1069 3237 coaptaverat
1081 3169 1117 3221 A.

103 3239 268 3306 ceptaverat
286 3239 319 3293 P.
358 3239 523 3306 captaverat
541 3240 581 3293 vel
600 3240 781 3307 coaptaverat
799 3237 901 3293 Eberlr.
935 3239 1119 3307 cooptaverat

104 3307 242 3364 MatMr.
287 3313 322 3363 20
342 3309 428 3364 borae
447 3308 548 3363 Ebcrlr.
569 3325 616 3363 ore
636 3309 709 3364 A.P.
757 3313 790 3362 21
810 3309 979 3378 pertexisset
997 3325 1065 3365 corr.
1078 3326 1119 3379 vea

102 3379 316 3447 protexissetA.
335 3378 540 3449 protexissetP.
578 3386 611 3433 22
627 3379 769 3435 difficilius
779 3381 886 3435 addidi.
906 3379 1074 3448 deligatiore
1082 3381 1118 3437 A.

103 3449 271 3505 delicatione
298 3449 331 3504 P.
422 3456 456 3503 23
474 3448 606 3505 vehicula
628 3452 663 3504 A.
701 3450 894 3505 delicatiorem
918 3451 998 3504 illam
1021 3450 1118 3520 fugam

87 3516 207 3570 seilicet
225 3521 356 3575 vehr'culo
373 3520 479 3576 Eberla
515 3519 674 3592 periculum
692 3524 799 3593 protem
821 3521 871 3576 sed
888 3521 995 3576 evitare
1015 3520 1051 3576 P.
