2414 3826
134 171 177 236 30
565 168 674 224 LIBER
692 169 715 226 l.

132 334 219 400 Nam
242 337 279 398 ut
302 333 358 397 ille
379 331 555 397 iuventutis
574 331 683 397 fervor
707 330 748 395 ad
771 330 939 396 audaciam
957 333 1150 418 promptior,

133 424 182 487 ita
195 420 410 487 inconsultior
425 421 465 485 ad
479 420 672 506 cautionem,
687 441 723 484 ac
739 420 785 484 sic
804 441 915 484 eorum
926 420 1004 484 boni
1015 425 1150 506 coeptus

132 511 322 595 plerumque
341 509 446 574 malos
468 512 601 573 eventus
621 509 794 592 reperiunt.
835 506 882 572 At
901 529 975 573 vero
994 510 1059 573 ista
1082 533 1150 575 ma-

133 600 253 664 turitas
282 603 389 665 vestra
420 598 517 662 etiam
549 596 658 662 arduis
689 597 869 682 quibusque
899 597 1009 662 fclicc's
1042 598 1149 664 exitus

107 688 220 772 sperit
243 691 276 752 et
298 687 497 751 desideratos
522 689 669 770 eventus,
697 686 850 768 quoniam
878 686 984 769 perito
1011 686 1148 752 consilio

133 798 264 841 manum
288 776 361 840 duci
389 774 574 840 commodat
596 774 833 840 obsecuturam.
879 773 942 838 Par
966 778 1015 838 cst
1037 776 1149 860 igitur,

131 866 247 949 inquit,
269 886 327 929 vos
346 885 419 931 meo
441 864 632 929 commilitio
651 863 822 946 numerari,
845 884 912 927 non
935 867 973 927 ut
995 863 1059 947 ipsi
1078 865 1148 930 bel-

131 955 237 1019 lorum
260 954 468 1039 urguentiam
492 953 600 1017 subire
624 951 800 1038 cogamini,
824 951 881 1016 scd
904 955 941 1016 ut
963 952 1147 1020 iunioribus

133 1043 282 1107 manibus
302 1042 473 1107 consilium
491 1063 550 1106 vos
568 1041 667 1106 fiatis.
700 1038 852 1104 Alterum
872 1040 990 1124 quippe
1009 1041 1147 1107 alterius

92 1152 119 1193 ro
134 1153 228 1217 egere
247 1134 318 1216 quis
338 1130 486 1195 dubitet?
521 1127 613 1212 Oum,
631 1129 696 1193 nisi
713 1151 771 1212 per
783 1128 989 1212 prudentiam
1004 1133 1147 1196 vestram

132 1220 262 1285 illorum
280 1219 460 1284 titubantia
475 1217 519 1281 sit
534 1217 663 1301 directa,
682 1217 846 1301 perfracto
860 1217 1021 1301 praesidio
1036 1218 1146 1284 iuven-

131 1309 212 1372 tutis
240 1310 275 1372 in
301 1308 444 1372 seniores
472 1306 650 1389 periculum
678 1305 785 1371 vadat.
831 1304 954 1371 Contra
982 1311 1090 1372 autem
1119 1309 1147 1372 si

131 1397 212 1460 recti
235 1417 293 1478 per
315 1417 374 1460 vos
397 1398 473 1459 voto
492 1394 651 1473 fruantur,
675 1415 732 1458 vos
757 1415 883 1477 quoque
905 1395 1029 1479 gloriae
1052 1402 1147 1479 parte

130 1484 258 1567 potiore
281 1482 509 1548 celebremini.’
546 1483 608 1547 His
632 1484 727 1548 dictis
752 1504 807 1549 eos
832 1505 969 1567 quoque,
993 1505 1074 1569 quos
1099 1507 1147 1550 se-

93 1572 224 1637 renium
248 1573 313 1637 iam
337 1571 519 1655 obsederat,
542 1572 576 1635 in
600 1571 797 1636 sententiam
820 1593 914 1637 suam
937 1573 1032 1637 ducit.

224 1658 283 1726 21.
312 1658 561 1726 Oonnumeratis
587 1661 688 1746 igitur
710 1660 764 1726 vel
787 1660 888 1724 veteri
912 1661 1016 1725 milite
1039 1662 1092 1726 vel
1117 1669 1187 1726 XXV

134 1771 216 1833 quos
232 1749 303 1833 ipse
322 1769 432 1813 recens
448 1749 632 1833 scripserat,
651 1752 830 1834 congregat
844 1748 1038 1814 Macedonas
1055 1751 1146 1835 quin·
1165 1757 1187 1804 1.

134 1860 195 1921 que
215 1845 248 1902 et
267 1838 377 1902 decem
400 1837 493 1901 milia
510 1838 644 1921 pedites,
668 1838 851 1921 auxiliaque
871 1838 998 1902 diversa
1018 1839 1053 1901 in
1072 1845 1147 1905 octo

132 1927 281 2013 milibus,
311 1926 437 2010 equites
465 1949 541 1992 vero
571 1927 740 2012 indigenas
768 1926 992 2011 septingentos
1021 1930 1054 1992 et
1083 1929 1147 1994 duo

92 2037 118 2078 ao
133 2016 233 2101 milia,
257 2016 338 2081 levis
363 2037 490 2099 quoque
513 2020 695 2081 armaturae
719 2015 863 2080 Thracas
885 2037 1020 2080 numero
1045 2018 1147 2081 octin-

132 2109 259 2190 gentos.
304 2103 398 2170 Unde
421 2104 484 2169 hoc
505 2126 640 2169 numero
669 2127 742 2169 cum
765 2101 916 2169 deterano
941 2103 1044 2169 milite
1068 2127 1146 2170 con-

132 2196 267 2278 gregato
288 2192 432 2258 sexcenti
446 2193 684 2280 quinquaginta
702 2196 856 2278 quattuor
875 2193 916 2257 acl
936 2193 1146 2278 septuaginta

131 2282 223 2346 milia
238 2282 451 2346 militantium
465 2287 565 2346 crant.
597 2281 687 2346 Tunc
701 2283 771 2346 viae
786 2284 951 2365 sumptum
966 2304 986 2346 a
1000 2281 1146 2367 Philippi

130 2369 293 2434 thesauris
309 2370 502 2454 conlatuque
517 2370 717 2435 studentium
731 2371 827 2435 rebus
842 2370 909 2434 suis
929 2371 1000 2435 auri
1019 2372 1146 2436 talenta

91 2478 117 2520 ac
133 2458 306 2543 sexaginta
322 2479 395 2523 cum
409 2458 654 2542 quadringentis
674 2464 874 2542 quatuorque
893 2462 926 2522 et
944 2459 1054 2523 decem
1073 2461 1144 2524 mil·

130 2546 215 2611 libus
236 2548 334 2632 cogit.
376 2545 482 2612 Classi
507 2568 585 2633 ergo
610 2547 777 2612 elaborata
798 2548 834 2611 in
852 2546 1052 2631 Macedonia,
1075 2552 1144 2613 tam

129 2635 239 2721 longis
270 2657 368 2720 quam
396 2636 552 2700 onerariis
579 2636 730 2718 navibus,
757 2637 877 2700 transit
904 2636 938 2700 in
962 2635 1145 2720 Thraciam,

129 2829 173 2880 est
191 2827 310 2881 audacia
329 2828 362 2882 P.
427 2827 576 2882 liuvente
597 2828 631 2883 P.
663 2825 782 2883 audacia
800 2828 836 2881 A.
903 2827 1006 2882 aboni
1023 2829 1144 2896 coeptus

129 2899 214 2953 Merit
251 2897 320 2952 boni
344 2897 438 2967 coepti
460 2898 493 2954 P.
531 2898 605 2953 bona
627 2900 728 2968 coepta
750 2897 786 2953 A.
895 2897 1031 2953 4felices
1055 2899 1141 2956 Moi¹.

128 2968 227 3024 faciles
250 2970 286 3023 A.
295 2970 329 3023 P.
401 2975 418 3023 5
443 2969 577 3038 quoniam
595 2986 640 3024 me
659 2969 751 3039 perito
775 2968 907 3037 consilio,
931 2985 1045 3023 manum
1069 2969 1143 3039 duci,

128 3040 291 3094 commodat
309 3039 505 3095 obsecuturum
525 3039 610 3094 Mau.
657 3046 672 3095 6
691 3039 744 3094 Par
762 3043 940 3110 swaecrapt.
960 3041 1005 3095 vel
1024 3055 1088 3108 pars
1107 3040 1142 3095 A.

129 3110 257 3180 ‘linquit
276 3127 326 3166 om.
347 3111 381 3164 P.
414 3109 444 3164 in
462 3126 525 3165 meo
545 3110 711 3166 commilitio
730 3111 832 3166 Eberh.
929 3113 1143 3180 8urgucntiam

127 3182 212 3237 Merit
231 3181 446 3251 urgentiaA.R
491 3187 507 3235 9
527 3181 739 3237 carismate
758 3179 873 3236 faciatis
883 3181 918 3236 A.
965 3188 997 3235 12
1016 3183 1096 3237 vadit
1108 3183 1144 3237 P.

129 3259 162 3307 15
181 3251 260 3306 ducit
279 3252 363 3307 Mac.
373 3252 406 3309 P.
432 3251 501 3307 vicit
518 3253 554 3307 A.

216 3323 266 3379 21.
286 3328 319 3379 16
339 3325 432 3378 vetere
448 3322 535 3378 Mau.
583 3328 615 3377 17
632 3338 729 3377 recens
749 3323 899 3393 scripserat
909 3323 983 3378 A.P.
1003 3323 1142 3377 recenseri

123 3398 253 3515 praestat
274 3394 306 3449 Τ.
363 3400 396 3449 18
416 3394 526 3448 milium
548 3394 617 3452 T.P.
650 3394 755 3448 auxilia
774 3397 809 3450 A.
861 3392 1141 3463 22D01VT.Epit.

146 3464 252 3518 XXVII
269 3463 351 3520 milia
369 3465 465 3520 Gracc.
525 3470 561 3520 24
579 3464 769 3534 collatumque
787 3464 823 3520 A.
853 3465 996 3520 conlatum
1015 3481 1088 3533 quae
1109 3464 1142 3521 Τ.

107 3536 149 3580 26
163 3536 305 3597 quattuor
317 3537 379 3604 (om.
396 3537 508 3608 qcelP.
548 3543 584 3594 26
603 3555 672 3612 crgo
680 3537 717 3595 A.
736 3553 848 3607 quoquc
857 3536 891 3593 P.
924 3541 958 3590 ‘t‘l
976 3534 1099 3590 Thracia
1108 3535 1141 3591 P.
