2414 3826
188 182 366 238 EPISTOLA
385 182 599 238 ALEXANDRI
618 183 668 238 Aa
686 182 953 242 ARISTOTELEM.
1010 186 1076 252 203

64 345 184 411 milites
215 368 304 411 meos
336 347 470 411 subinde
500 349 719 411 commeantes
750 346 988 431 interrogabat,
1021 348 1076 413 ubi
1161 384 1163 390 ·

65 453 126 519 ego
150 455 255 499 essem
279 439 311 498 et
335 434 411 518 quid
436 455 575 520 agerem.
612 434 675 510 Qui
698 457 771 500 cum
794 436 919 500 incerta
942 458 1077 519 respon-

64 524 192 607 derent,
221 523 290 606 ipse
319 523 437 588 auditis
466 525 534 588 eius
563 524 941 608 interrogationibus-
966 526 1077 590 omnia

64 612 151 676 enim
187 612 267 675 mibi
304 613 376 697 regi
412 633 531 696 magno
564 610 776 677 Macedonum
812 612 999 678 referebant
1035 650 1074 660 -

64 706 194 784 sumpto
223 700 339 764 babitu
367 700 502 765 militari
531 700 741 785 depositoque
769 702 858 764 cultu
881 723 953 766 meo
978 702 1111 768 solitos

63 789 198 873 perveni
220 789 255 852 in
278 790 447 853 castellum
472 790 553 872 eius,
579 794 617 852 ut
646 788 798 872 quiddam
821 789 887 853 vini
914 795 947 855 et
970 791 1076 855 carnis

65 882 241 960 empturus.
288 875 437 961 Oasuque
456 877 559 942 Porus
584 877 750 942 sciscitans
775 898 826 941 me
850 878 1076 962 interrogavit,

64 965 140 1049 quid
159 965 280 1029 faceret
300 965 482 1029 Alexander
507 969 563 1030 aut
586 966 676 1030 cuius
701 969 787 1030 esset
809 967 936 1032 aetatis.
974 965 1077 1042 Quem

62 1055 176 1118 ludens
204 1054 372 1119 mendacio
396 1056 569 1139 temporis,
599 1053 796 1138 ‘Tamquam
825 1054 923 1120 homo
948 1055 1075 1138 senior,'

61 1144 209 1225 inquam,
240 1143 320 1207 ‘dux
343 1148 455 1207 noster
484 1146 517 1207 in
546 1144 754 1207 tabernaculo
786 1164 844 1206 suo
876 1165 909 1207 se
940 1165 1074 1209 accenso
1089 1167 1116 1207 ro

62 1230 148 1314 ignis
180 1233 286 1296 calore
316 1229 441 1296 reficit?
495 1230 579 1295 Tum
610 1232 665 1295 ille
695 1231 814 1316 gaudio
846 1232 968 1315 alacer,
1000 1233 1077 1316 quia

63 1342 136 1384 cum
160 1319 322 1404 decrepito
347 1342 422 1384 sene
445 1323 531 1384 esset
552 1322 713 1403 proelium
737 1320 977 1404 commissurus,
1002 1343 1075 1386 cum

62 1411 148 1472 esset
175 1409 245 1492 ipse
269 1408 393 1472 iuuenis
416 1410 520 1473 elatus
543 1415 684 1492 tumore,
712 1409 765 1473 ‘ut
794 1409 870 1492 quid
894 1409 998 1494 ergo,'
1027 1410 1075 1474 in-

62 1497 146 1581 quit,
170 1495 247 1562 ‘non
270 1498 404 1582 respicit
428 1501 566 1561 aetatem
591 1497 721 1562 suam?'
767 1496 934 1583 Respondi
958 1501 1074 1564 eiuno

60 1587 93 1649 id
112 1587 282 1669 proposito
302 1587 453 1670 ignorare
473 1607 533 1670 me,
553 1586 629 1670 quid
648 1586 769 1651 faceret
788 1588 982 1672 Alexander,
1001 1609 1074 1652 cum
1089 1608 1115 1649 rs

61 1696 166 1739 essem
190 1675 360 1760 gregarius
384 1696 422 1738 ex
446 1674 655 1740 Macedonico
680 1675 822 1740 exercitu
845 1677 949 1741 miles.
992 1675 1075 1742 (lum

60 1763 142 1826 haec
167 1763 323 1847 audisset,
351 1763 486 1828 tradidit
513 1763 593 1827 mihi
617 1764 715 1829 minis
738 1765 869 1847 plenam
893 1764 1075 1849 epistolam,

61 1872 159 1934 quam
187 1851 217 1915 si
242 1852 313 1937 regi
340 1851 524 1916 Alexandro
553 1851 678 1935 darem,
708 1851 873 1935 pollicitus
903 1856 954 1916 est
981 1875 1074 1937 prae-

61 1940 171 2003 mium.
222 1937 280 2004 Oui
308 1941 419 2005 iurans
449 1940 515 2004 dixi
542 1940 702 2023 futurum,
732 1943 769 2004 ut
797 1940 831 2003 in
859 1962 975 2005 manus
1004 1941 1072 2005 eius

59 2027 120 2091 hae
145 2028 271 2094 litterae
294 2030 508 2114 pervenirent.
544 2028 766 2112 Reversusque
790 2028 938 2110 protinus
963 2029 998 2095 in
1022 2050 1072 2092 ca·
1087 2050 1113 2090 ao

60 2120 138 2198 stra,
156 2120 189 2181 et
208 2121 382 2202 antequam
402 2119 542 2201 legerem
563 2118 735 2200 epistolam
755 2119 787 2180 et
804 2119 978 2199 postquam
996 2117 1072 2202 legi,

60 2226 178 2289 magno
198 2206 266 2270 risu
287 2229 359 2271 sum
379 2206 565 2271 dissolutus.
602 2203 700 2269 Cuius
724 2205 784 2269 tibi
808 2208 841 2268 et
863 2205 960 2268 matri
980 2227 1071 2271 meae

61 2295 288 2379 sororibusque
318 2296 398 2360 meis
435 2295 619 2378 superbiam
652 2293 906 2377 inclinatamque
939 2294 1071 2360 barbari

59 2384 276 2448 temeritatem
300 2384 467 2449 miraturis
492 2384 639 2467 exempla
662 2382 745 2448 misi.

149 2563 163 2610 1
192 2560 381 2613 commeantes
409 2558 482 2613 aH.
522 2557 687 2612 comitantes
714 2556 783 2611 aaV.
860 2564 876 2611 2
905 2559 934 2612 et
960 2574 1011 2613 om.
1042 2579 1072 2611 ω.

59 2628 162 2696 quidve
180 2629 219 2683 H.
282 2629 448 2684 4ferebant
466 2650 496 2685 ω.
524 2629 716 2684 referebantur
733 2629 772 2683 H.
832 2629 1013 2697 apositoque
1032 2629 1072 2685 H.

59 2701 206 2754 cultuum.
226 2701 295 2755 aaV.
337 2703 465 2756 acastre
485 2699 544 2755 eius
559 2699 633 2754 GH.
661 2699 809 2754 castellum
829 2719 858 2752 ω.
891 2698 935 2768 ut]
954 2699 1033 2765 quasi
1044 2698 1072 2753 0.

57 2787 107 2825 om.
129 2770 160 2824 V.
189 2771 221 2823 nt
239 2770 298 2824 vini
316 2773 346 2826 et
364 2770 455 2826 carnis
475 2771 590 2839 quidam
611 2774 721 2839 emptor
739 2770 778 2825 H.
851 2773 868 2822 9
887 2769 1023 2822 deludens
1044 2769 1072 2824 0.

60 2847 92 2894 11
112 2841 178 2908 igne
197 2839 329 2896 ealefacit
347 2843 376 2896 O.
406 2843 535 2897 caleficat
553 2842 591 2895 H.
655 2847 688 2896 13
707 2839 826 2909 utquid
845 2838 874 2893 0.
904 2842 937 2893 ut
954 2856 1005 2894 om.
1025 2847 1071 2894 cet.

58 2913 93 2979 cf.
114 2910 244 2977 Wdlfflia
261 2909 343 2966 Aret.
360 2913 417 2968 IV.
434 2930 464 2982 p.
479 2917 542 2968 617.
586 2916 618 2966 16
639 2911 870 2967 Cum-audisset
887 2925 937 2964 om.
958 2909 1071 2966 aaVH.

59 2986 93 3035 18
113 2981 136 3035 si
151 2996 201 3035 om.
217 2981 330 3038 o.V.H.
360 2983 403 3036 est
416 2997 467 3039 cm.
477 2983 511 3037 L.
549 2988 582 3037 19
597 2981 753 3037 iuratusH.
790 2989 823 3036 23
838 2981 1029 3050 inclytamque
1039 2980 1072 3036 V.

58 3059 93 3107 24
112 3050 255 3106 miraturis
274 3053 353 3109 Edit.
372 3053 462 3108 Basa.
494 3052 592 3107 mirari
612 3052 695 3108 Oodd.
723 3055 756 3107 ut
773 3051 975 3121 superbiam-
988 3050 1072 3104 mira·

59 3123 128 3177 reris
148 3123 187 3178 H.
225 3123 353 3193 Epistola
367 3123 432 3178 Pori
446 3124 482 3179 ad
496 3123 699 3178 Alexandrum:
717 3125 776 3177 Rex
794 3123 891 3179 Indiae
905 3121 993 3177 Poma
1008 3121 1070 3176 Ale·

58 3194 173 3248 xandro.
211 3195 330 3249 Miratur
343 3194 494 3264 prudentia
506 3197 609 3262 nostra,
629 3195 704 3263 quod
717 3194 832 3250 Perside
846 3195 957 3261 calcata
969 3193 1073 3247 Porum

59 3266 216 3319 Alexander
235 3264 350 3320 iuvenes
369 3267 398 3334 (1)
418 3282 502 3320 senex
521 3271 550 3319 et
567 3262 641 3333 regii
660 3265 688 3334 (1.
707 3267 812 3335 regem)
832 3264 928 3320 Indiae
943 3264 1072 3320 omnibus

60 3336 167 3390 divitiis
186 3337 351 3406 opulentum
371 3335 455 3389 armis
474 3335 613 3390 munitum
633 3334 717 3389 nimis
735 3337 904 3405 populosum
923 3337 995 3391 inter
1015 3335 1073 3390 alia

59 3408 158 3461 mundi
176 3424 264 3477 regna
278 3404 533 3461 nominatissimum
552 3407 611 3460 tam
626 3423 714 3476 parva
732 3423 817 3460 manu
830 3406 967 3476 pertinaci
985 3411 1073 3461 teme·

59 3478 143 3533 ritate
167 3479 284 3549 aggredi
308 3494 391 3533 ausus
416 3479 461 3534 sie.
503 3476 560 3532 Sed
583 3492 634 3532 nec
658 3476 777 3531 Darium
795 3476 885 3531 nob‘xs
902 3493 963 3527 aaa
976 3478 1094 3550 §rems

58 3549 135 3604 Indis
158 3550 217 3604 ulla
241 3549 351 3605 ratione
375 3547 607 3622 aequiperandus
629 3547 800 3606 credideris.
834 3545 885 3597 111
904 3553 1056 3606 <ww
1072 3535 1119 3580 ἦῆ
