2414 3826
128 150 170 214 88
551 145 712 200 trauan.

129 335 205 378 suos
229 312 262 375 id
286 332 356 375 esse
380 310 491 393 vellet,
518 309 545 373 si
567 309 641 392 peri
663 308 726 373 fide
749 309 783 372 in
807 331 840 374 se
865 330 991 394 quoque
1015 309 1067 374 sui
1091 333 1139 376 sa·

114 401 251 465 tellites
275 403 449 463 uterentur.

219 486 282 553 Sed
308 486 370 552 hoc
394 485 524 571 quidem
553 486 602 550 die
630 485 840 551 inclinatione
868 488 997 551 tantum
1024 487 1140 554 leviter
1156 494 1184 549 X.

128 600 187 662 pro
211 576 425 642 Macedonum
452 575 601 658 partibus
630 577 793 640 ostentata
819 578 954 659 uterque
981 577 1141 642 exercitus

104 666 173 730 sad
200 668 308 730 castra
334 663 479 729 discedit
528 662 672 747 Cumque
699 662 871 729 reficiendo
899 664 1027 748 corpori
1055 665 1140 732 oibo-

130 775 191 840 que
215 753 371 837 capiendo
393 753 512 833 [dediti]
533 755 650 836 esseut,
673 772 785 816 rursus
809 752 891 817 alius
916 756 1047 836 satrapa
1066 754 1142 819 Ale-

129 841 251 907 xandro
281 864 315 906 se
344 841 438 906 offert
464 861 537 905 cum
561 840 730 926 dignitatis
755 840 884 925 quidem
907 841 994 915 illius
1018 843 1142 925 profes·

131 931 229 1015 sione,
252 931 308 995 sed
331 930 387 1013 qui
410 928 529 994 diceret
552 951 586 992 se
608 929 712 995 multa
729 949 912 1014 magnaque
936 931 983 995 rei
1006 930 1147 997 bellicae

130 1041 229 1104 opera
251 1041 311 1103 pro
334 1017 436 1083 Dario
460 1017 613 1102 gessisse,
641 1017 805 1084 enimuero
835 1018 898 1084 sibi
920 1017 1007 1083 haud
1030 1041 1143 1103 parem

35 1149 39 1154 -
91 1131 117 1172 ιο
131 1109 273 1194 gratiam
287 1109 574 1192 repraesentatam.
608 1104 642 1171 si
661 1105 761 1191 igitur
780 1127 849 1171 sese
868 1108 1054 1192 susciperet,
1073 1109 1144 1175 fore

131 1198 194 1262 sibi
218 1196 390 1261 admodum
413 1195 521 1280 facile,
548 1199 585 1259 ut
613 1217 685 1259 cum
709 1195 817 1260 decem
844 1196 975 1260 milibus
999 1197 1144 1281 reliquos

130 1285 224 1352 Darii
245 1289 393 1368 satrapas
412 1283 594 1348 incursaret
616 1287 648 1347 et
672 1286 811 1368 caperet,
833 1305 899 1349 una
917 1285 1016 1350 etiem
1034 1286 1145 1370 ipsum

132 1395 260 1460 quoque
277 1373 415 1438 Darium
437 1372 532 1436 facile
555 1371 854 1455 comprehensurus.
892 1373 944 1438 Ad
968 1373 1049 1439 haec
1068 1376 1144 1439 Ale-

130 1463 253 1526 xander
275 1461 393 1526 reverti
415 1459 593 1544 hominem,
623 1465 655 1525 et
678 1461 707 1526 si
731 1461 809 1544 quid
831 1461 967 1545 valeret,
993 1462 1146 1528 auxiliari

92 1551 202 1637 reregi
221 1572 279 1616 suo
298 1549 440 1614 mandat.
477 1547 559 1625 ‘Qua
578 1547 686 1634 enim‚'
709 1549 827 1634 inquit,
850 1549 920 1636 ‘spe
940 1550 1063 1616 alienos
1083 1552 1147 1617 tibi

131 1639 253 1705 milites
277 1641 349 1705 tuto
373 1637 589 1704 commiserim
617 1639 702 1702 cives
730 1641 804 1704 tuos
831 1639 1043 1723 propriosque
1069 1661 1145 1724 pro·

131 1727 261 1794 dentil'
1048 1783 1052 1789 .

220 1816 257 1881 Id
290 1820 400 1880 tamen
431 1815 588 1900 temporis
618 1815 786 1879 etiamtum
814 1838 866 1881 res
901 1817 1036 1881 absente
1067 1837 1146 1903 rege

131 1906 232 1972 Dario
260 1927 317 1990 per
346 1903 413 1969 eius
438 1907 587 1988 satrapas
610 1905 800 1989 agebantur.
845 1903 1033 1990 Hystaspes
1057 1904 1146 1971 deni-

92 2016 119 2056 so
133 2017 194 2080 que
217 1998 250 2059 et
270 1993 423 2078 Spinther
443 1993 588 2058 scribunt
610 1992 695 2078 regi:
718 1993 784 2058 iam
807 1993 932 2076 pridem
955 1994 1087 2078 quidem
1112 2016 1146 2060 se

133 2106 230 2168 super
252 2082 597 2147 Alexandri-exercitu
621 2103 672 2167 ea,
694 2102 776 2165 quae
801 2086 1041 2167 compererant,
1062 2104 1145 2148 nun-

132 2173 247 2255 tiasse,
277 2170 440 2235 enimvero
470 2192 556 2234 nuno
585 2170 682 2254 longe
714 2171 913 2235 auctioribus
942 2171 1066 2236 viribus
1097 2173 1146 2236 in·

131 2260 256 2325 vasisse
284 2262 411 2342 partem
438 2256 561 2322 Persici
594 2259 687 2343 regni
720 2259 931 2343 pluribusque
963 2259 1145 2325 interfectis

134 2350 166 2411 et
189 2346 292 2430 captis
316 2366 383 2409 non
406 2345 474 2409 sine
493 2345 637 2428 periculo
661 2367 698 2410 ac
719 2348 904 2413 discrimine
923 2370 993 2412 sese
1011 2370 1145 2429 vexar03

92 2455 119 2496 rs
134 2439 281 2518 oportere
304 2433 406 2516 igitur
433 2454 467 2497 se
496 2435 757 2517 quamprimum
785 2458 851 2501 una
878 2457 950 2501 cum
978 2437 1068 2501 omni
1095 2459 1146 2502 ex·

133 2523 234 2588 ercitu
263 2523 304 2587 ad
334 2521 573 2606 confligendum
601 2542 670 2587 cam
693 2522 876 2590 Alexandro
904 2530 1036 2608 praesto
1065 2526 1146 2592 e'sse.

221 2610 284 2677 His
306 2611 426 2676 litteris
449 2609 569 2676 Darius
593 2612 734 2695 acceptis
761 2613 831 2697 ipse
854 2636 982 2698 quoque
1006 2613 1046 2678 ad
1070 2615 1146 2679 Ale·

132 2702 290 2767 xandrum
311 2700 425 2767 scribit
447 2700 480 2764 in
498 2699 583 2765 hanc
602 2701 808 2766 sententiam:
833 2700 948 2767 ‘Video
971 2702 1034 2767 tibi
1053 2702 1145 2768 labo-

133 2795 257 2870 ratum,
284 2811 325 2855 ne
349 2789 424 2874 quid
449 2788 593 2855 omnium
617 2788 753 2874 faceres,
781 2791 868 2874 quod
890 2791 953 2855 tibi
977 2792 1062 2875 apud
1085 2813 1146 2857 nos

93 2898 120 2940 so
133 2881 263 2945 veniam
280 2879 495 2963 polliceretur.
536 2877 588 2943 Ita
611 2881 645 2942 et
666 2877 828 2964 adrogans
851 2879 968 2944 litteris
993 2883 1027 2945 et
1048 2881 1146 2945 iacta·

133 2969 254 3035 blondus
276 2969 311 3032 in
334 2967 395 3032 heo
419 2966 530 3032 eadem
553 2966 736 3031 temeritate
762 2968 931 3052 exstitisti,
959 2973 995 3033 ut
1018 2969 1145 3053 quidvis

132 3058 248 3123 horum
271 3057 312 3121 ad
336 3056 479 3122 animum
502 3077 612 3120 meum
637 3055 774 3139 venerit,
798 3056 936 3122 excitare
959 3079 1010 3122 me
1034 3058 1146 3140 potius

223 3237 236 3283 1
257 3230 287 3284 in
306 3247 335 3285 ee
352 3231 410 3286 Mr.
431 3247 459 3285 se
477 3230 509 3285 P.
561 3235 577 3283 3
596 3229 641 3284 die
657 3230 715 3283 Mr.
736 3228 792 3284 diei
807 3229 841 3284 P.
892 3237 907 3286 6
928 3231 1018 3286 dediti
1037 3233 1145 3288 addidi.

134 3303 327 3373 10re13satam
346 3303 375 3371 (i.
395 3319 415 3356 e.
435 3303 635 3370 repraesatam)
657 3301 690 3356 P.
714 3302 892 3369 repensatum
909 3304 967 3356 Mr.
1006 3307 1039 3356 25
1060 3320 1146 3372 quam

133 3374 254 3442 primum
275 3373 334 3427 Mr.
358 3372 612 3442 quamplurimum
634 3371 668 3426 P.
723 3378 758 3426 26
778 3389 839 3426 enm
858 3373 1017 3427 Alexandro
1036 3376 1145 3444 scripsi.

132 3442 292 3498 Alexandro
300 3444 333 3496 P.
362 3449 396 3497 28
409 3443 483 3498 hanc
493 3442 661 3497 sententiam
669 3443 727 3496 Mr.
743 3444 796 3497 hac
806 3444 984 3500 sententiaP.
1009 3449 1044 3497 30
1058 3442 1147 3499 iacta-

128 3515 239 3566 bundus
250 3514 356 3581 sudaei
367 3515 508 3570 daciane.
528 3513 604 3570 latus
618 3513 657 3582 ad
670 3513 760 3568 endas
777 3514 811 3569 P.
829 3513 922 3568 clatus
933 3531 968 3569 ae
981 3515 1076 3568 audax
1088 3515 1147 3570 Mr.
