2414 3826
145 167 209 232 160
561 165 670 220 niune
688 165 734 222 111.

143 352 255 394 rursus
284 330 449 394 sacrificiis
473 329 694 412 persolvendis
722 328 782 392 deo
807 326 888 409 Soli,
917 326 1002 411 quod
1032 327 1157 392 nullum

144 420 275 484 omnino
291 420 408 502 ignem,
428 439 465 481 ex
482 440 545 501 quo
561 418 693 482 luminis
708 418 792 482 foret
807 417 909 500 copia,
927 417 1157 500 inveniremus,

145 507 315 572 abscedere
339 506 480 570 indidem
501 506 772 571 confirmavimus.
810 504 893 568 Tum
912 527 987 569 vero
1013 505 1157 570 divinum

146 596 307 680 quoddam
335 596 489 659 auxilium
518 595 762 660 demorantibus
785 595 1034 678 praevenientes
1063 595 1157 659 nobis

117 685 299 768 ⁶quasdam
323 684 448 768 effigies
466 686 637 748 numinum
656 705 785 748 eernere
809 684 873 747 fuit
890 705 963 747 cum
982 683 1157 747 luminibus

144 773 380 858 lampadarum,
406 795 485 857 quas
510 796 529 836 a
553 773 690 837 materia
714 773 842 858 ergenii
863 772 987 836 eminus
1008 774 1157 837 aestima-

143 862 271 943 bamuS,
295 865 391 945 atque
411 865 458 926 ita
477 863 555 926 vieti
576 862 727 946 ductique
746 859 882 925 Tanaim
900 882 1004 945 usque
1023 861 1158 926 fluvium

146 952 399 1035 supervenimus.
445 950 478 1015 Is
502 950 622 1015 Tanais
647 973 664 1014 e
689 950 930 1033 septemtrionis
954 951 1103 1033 partibus
1126 951 1156 1014 in

146 1039 299 1124 Caspium
333 1062 420 1105 mare
453 1040 617 1123 profluens
647 1039 761 1103 Asiam
793 1039 898 1103 fertur
926 1037 1156 1124 Europamque

106 1149 132 1188 10
147 1130 336 1193 discernere.
390 1128 497 1193 Laeva
530 1128 631 1213 igitur
664 1128 732 1191 eius
764 1127 879 1191 itinere
912 1149 1087 1211 permenso
1120 1128 1157 1193 ad

144 1218 263 1282 Xerxis
287 1237 389 1300 regna
413 1218 626 1301 pervenimus,
649 1239 730 1301 quae
754 1220 829 1300 post
851 1216 964 1280 habita
983 1214 1062 1301 Cyri
1085 1221 1157 1281 sunt

146 1329 183 1370 ac
202 1305 380 1388 nominata,
403 1306 513 1388 ibique
532 1307 637 1370 multa
659 1328 756 1389 opum
776 1305 938 1390 regiarum
962 1327 1000 1369 ac
1025 1305 1156 1370 divitias

146 1395 347 1457 offendimus.
401 1391 486 1457 Nam
524 1399 556 1457 et
589 1394 701 1458 aedem
737 1395 899 1478 quandam
937 1394 977 1457 ad
1016 1396 1156 1477 speciem
1171 1403 1200 1457 85.

147 1482 260 1546 Graeci
290 1482 397 1564 operis
426 1482 494 1545 illic
521 1484 878 1569 magnificentissimam
909 1483 1032 1547 viseres
1060 1483 1157 1567 inque

106 1590 131 1629 15
146 1592 183 1633 ea
210 1569 298 1634 aede·
316 1571 414 1634 etiam
442 1592 599 1655 responsa
622 1573 698 1635 dare
727 1575 940 1636 memoratum
964 1592 1076 1657 regem
1101 1573 1157 1636 sci·

147 1659 341 1723 scitantibus
375 1660 547 1725 celebrant.
602 1660 647 1724 Et
683 1662 781 1724 situm
814 1661 933 1724 ibidem
967 1661 1002 1724 in
1034 1661 1157 1745 templo

147 1748 266 1812 viseres
299 1750 424 1812 varium
458 1772 556 1834 opus,
593 1749 766 1832 tropheum
804 1771 935 1813 aureum
973 1749 1156 1833 dependens

147 1837 284 1902 aedificii
308 1837 346 1900 de
371 1838 522 1921 culmine,
552 1838 809 1922 adhaerebatque
832 1838 881 1901 illi
905 1837 1044 1921 tropheo
1069 1840 1156 1904 orbis

147 1927 277 2010 quidam
303 1927 342 1991 ad
366 1927 497 1991 modum
517 1927 686 2011 vertiginis
706 1928 839 2008 caelitis,
863 1949 1023 2012 superque
1047 1929 1156 1992 orbem

105 2035 132 2074 ao
147 2017 355 2081 simulacrum
384 2017 555 2081 columbae
584 2015 772 2099 sessitabat,
802 2015 887 2098 quod
915 2016 971 2080 ubi
1002 2038 1157 2100 responsa

145 2127 201 2168 rex
224 2106 354 2188 diceret,
377 2106 526 2170 humanis
546 2105 677 2169 vocibus
697 2104 877 2169 sciscit-anti
899 2104 989 2189 loqui
1009 2106 1157 2171 ferretur.

145 2193 182 2256 ld
196 2194 367 2276 tropheum
388 2217 459 2258 oum
481 2193 605 2258 auferre
624 2192 764 2257 indidem
785 2193 864 2256 mihi
884 2193 1045 2276 cupiditas
1066 2195 1157 2277 foret,

145 2281 193 2344 uti
218 2283 257 2344 ad
282 2303 339 2344 vos
364 2287 396 2344 et
421 2284 460 2345 ad
484 2287 629 2347 nostram
653 2282 824 2347 Graeciam
848 2283 1044 2366 mitteretur,
1074 2284 1158 2347 idem

147 2369 201 2450 qui
235 2368 384 2451 aderant,
417 2372 652 2434 contenderunt
685 2393 752 2434 rem
789 2394 912 2435 sacram
950 2392 1020 2435 esse
1055 2393 1158 2456 neque

105 2474 132 2514 aa
146 2456 380 2520 contemnendo
395 2458 537 2540 periculo
552 2459 697 2523 invadari
719 2483 737 2522 a
755 2461 906 2544 quopiam
921 2481 1026 2542 posse.
1053 2458 1159 2525 Multa

145 2545 247 2629 igitur
270 2545 335 2608 alia
359 2568 494 2630 quoque,
519 2569 600 2632 quae
624 2549 824 2630 miraremur,
848 2547 1050 2633 offendimus,
1074 2551 1159 2614 inter

145 2656 228 2718 quae
247 2639 372 2699 cratera
391 2637 490 2700 etiam
511 2641 699 2721 argenteum
718 2639 908 2719 capacitatis
928 2637 969 2700 ad
984 2639 1159 2721 amphoras

145 2745 246 2807 usque
279 2728 441 2788 trecentas
475 2731 508 2789 et
538 2727 716 2810 sexaginta.
770 2725 849 2789 Eius
884 2726 1077 2809 capacitatis
1112 2731 1160 2793 est

235 2969 283 3023 5⁶3.
310 2970 556 3023 4demorantibus
576 2973 611 3025 Α.
639 2970 880 3024 desiderantibus?
935 2972 1072 3026 beminis
1092 2989 1159 3028 corr.

146 3055 180 3093 aa
206 3043 313 3094 eminus
339 3041 375 3095 A.
449 3046 464 3092 7
490 3040 560 3095 victi
586 3041 718 3109 ductique
745 3043 779 3095 A.
812 3040 866 3095 iuti
892 3041 1046 3111 ductique?
1089 3043 1159 3098 Hinc

146 3108 253 3178 egressi
285 3110 403 3164 Tanaim
435 3128 522 3178 usque
551 3117 615 3181 post
647 3113 776 3166 locarium
808 3114 908 3182 incipit
942 3113 975 3165 P.
1079 3114 1159 3170 8‘ls

145 3181 324 3235 Tanais--10
340 3181 507 3236 discernere’
525 3199 574 3236 oua
588 3184 620 3240 P.
663 3190 694 3237 12
711 3184 892 3252 agnominata
904 3185 937 3239 P.
976 3190 1011 3238 14
1027 3187 1119 3241 visere
1130 3187 1158 3240 P.

147 3253 303 3305 rivarium
323 3270 391 3321 opus
411 3269 461 3306 om.
480 3253 513 3306 P.
547 3258 688 3322 stropeum
706 3258 739 3308 A.
773 3251 1046 3324 ὀρτυγοτροφεῖον
1064 3257 1158 3313 Graec.

147 3328 179 3376 18
202 3324 458 3391 ‘adhaerebatqne’
480 3341 563 3394 usquc
581 3327 619 3380 ud
637 3331 668 3378 21
688 3326 838 3379 ‘ferretur'
861 3344 910 3381 om.
933 3328 967 3380 P.
1036 3334 1070 3382 22
1092 3332 1159 3384 stro·

143 3408 196 3460 peo
222 3396 255 3447 Α,
290 3393 320 3447 ld
345 3397 488 3465 strepenm
512 3400 547 3449 A.
580 3397 609 3450 in
633 3396 781 3466 tropheum
807 3398 839 3452 P.
931 3404 965 3452 ‘25
989 3398 1121 3455 invadari
1145 3417 1159 3453 a

144 3464 332 3590 qquianij.
361 3465 389 3520 in
410 3465 527 3520 audatia
545 3484 601 3536 quo
620 3469 696 3538 pianr
715 3468 747 3522 P.
775 3465 896 3522 involari
916 3470 1016 3525 Schlee.
1064 3477 1100 3526 27
1120 3489 1158 3526 ar·

129 3549 154 3595 ,a
170 3552 189 3586 n
204 3550 239 3588 ea
287 3581 293 3592 .
