<?xml version="1.0" encoding="UTF-8"?>
<!DOCTYPE html PUBLIC "-//W3C//DTD XHTML 1.0 Transitional//EN"
    "http://www.w3.org/TR/xhtml1/DTD/xhtml1-transitional.dtd">
<html xmlns="http://www.w3.org/1999/xhtml" xml:lang="en" lang="en">
 <head>
  <title>
</title>
<meta http-equiv="Content-Type" content="text/html;charset=utf-8" />
  <meta name='ocr-system' content='tesseract 3.04.00' />
  <meta name='ocr-capabilities' content='ocr_page ocr_carea ocr_par ocr_line ocrx_word'/>
</head>
<body>
  <div class='ocr_page' id='page_1' title='image "./iulivalerialexa00valegoog_0154.png"; bbox 0 0 2414 3826; ppageno 0'>
   <div class='ocr_carea' id='block_1_1' title="bbox 380 202 1068 276">
    <p class='ocr_par' dir='ltr' id='par_1_1' title="bbox 380 202 1068 276">
     <span class='ocr_line' id='line_1_1' title="bbox 380 202 1068 276; baseline 0.026 -17"><span class='ocrx_word' id='word_1_1' title='bbox 380 202 509 260; x_wconf 86' lang='lat' dir='ltr'>OBlTUS</span> <span class='ocrx_word' id='word_1_2' title='bbox 528 205 752 264; x_wconf 80' lang='lat' dir='ltr'><strong><em>ALEXANDRI.</em></strong></span> <span class='ocrx_word' id='word_1_3' title='bbox 1006 213 1068 276; x_wconf 79' lang='lat'>117</span> 
     </span>
    </p>
   </div>
   <div class='ocr_carea' id='block_1_2' title="bbox 54 365 1134 2927">
    <p class='ocr_par' dir='ltr' id='par_1_2' title="bbox 54 365 1134 2927">
     <span class='ocr_line' id='line_1_2' title="bbox 57 365 1072 458; baseline 0.009 -27"><span class='ocrx_word' id='word_1_4' title='bbox 57 366 160 448; x_wconf 89' lang='lat' dir='ltr'>cadit,</span> <span class='ocrx_word' id='word_1_5' title='bbox 188 367 284 450; x_wconf 90' lang='lat' dir='ltr'>idque</span> <span class='ocrx_word' id='word_1_6' title='bbox 308 365 539 433; x_wconf 81' lang='lat' dir='ltr'>Macedonibus</span> <span class='ocrx_word' id='word_1_7' title='bbox 562 390 660 453; x_wconf 83' lang='lat' dir='ltr'>supra</span> <span class='ocrx_word' id='word_1_8' title='bbox 683 372 805 457; x_wconf 89' lang='lat' dir='ltr'>omnia,</span> <span class='ocrx_word' id='word_1_9' title='bbox 829 395 909 457; x_wconf 88' lang='lat' dir='ltr'>quae</span> <span class='ocrx_word' id='word_1_10' title='bbox 933 381 1072 458; x_wconf 89' lang='lat' dir='ltr'>possunt</span> 
     </span>
     <span class='ocr_line' id='line_1_3' title="bbox 56 455 1071 546; baseline 0.01 -27"><span class='ocrx_word' id='word_1_11' title='bbox 56 457 91 520; x_wconf 91' lang='lat' dir='ltr'>in</span> <span class='ocrx_word' id='word_1_12' title='bbox 118 455 250 540; x_wconf 91' lang='lat' dir='ltr'>proeliis</span> <span class='ocrx_word' id='word_1_13' title='bbox 277 457 483 521; x_wconf 90' lang='lat' dir='ltr'>incommoda</span> <span class='ocrx_word' id='word_1_14' title='bbox 510 457 624 536; x_wconf 88' lang='lat' dir='ltr'>videri,</span> <span class='ocrx_word' id='word_1_15' title='bbox 652 459 819 546; x_wconf 87' lang='lat' dir='ltr'>ingratum</span> <span class='ocrx_word' id='word_1_16' title='bbox 846 462 916 527; x_wconf 86' lang='lat' dir='ltr'>fuit.</span> <span class='ocrx_word' id='word_1_17' title='bbox 964 462 1071 539; x_wconf 81' lang='lat' dir='ltr'>Quare</span> 
     </span>
     <span class='ocr_line' id='line_1_4' title="bbox 55 545 1070 636; baseline 0.011 -29"><span class='ocrx_word' id='word_1_18' title='bbox 55 546 205 629; x_wconf 88' lang='lat' dir='ltr'>neglecto</span> <span class='ocrx_word' id='word_1_19' title='bbox 234 545 323 610; x_wconf 91' lang='lat' dir='ltr'>omni</span> <span class='ocrx_word' id='word_1_20' title='bbox 351 545 485 609; x_wconf 91' lang='lat' dir='ltr'>omnino</span> <span class='ocrx_word' id='word_1_21' title='bbox 518 568 614 630; x_wconf 91' lang='lat' dir='ltr'>opere</span> <span class='ocrx_word' id='word_1_22' title='bbox 643 548 786 614; x_wconf 88' lang='lat' dir='ltr'>bellandi</span> <span class='ocrx_word' id='word_1_23' title='bbox 819 573 935 636; x_wconf 90' lang='lat' dir='ltr'>equum</span> <span class='ocrx_word' id='word_1_24' title='bbox 964 553 1070 617; x_wconf 89' lang='lat' dir='ltr'>exani·</span> 
     </span>
     <span class='ocr_line' id='line_1_5' title="bbox 56 634 1070 726; baseline 0.011 -30"><span class='ocrx_word' id='word_1_25' title='bbox 56 656 144 697; x_wconf 89' lang='lat' dir='ltr'>mem</span> <span class='ocrx_word' id='word_1_26' title='bbox 167 635 237 717; x_wconf 89' lang='lat' dir='ltr'>ipse</span> <span class='ocrx_word' id='word_1_27' title='bbox 256 634 358 698; x_wconf 84' lang='lat' dir='ltr'>cauda</span> <span class='ocrx_word' id='word_1_28' title='bbox 380 634 415 698; x_wconf 92' lang='lat' dir='ltr'>in</span> <span class='ocrx_word' id='word_1_29' title='bbox 433 638 542 719; x_wconf 87' lang='lat' dir='ltr'>partes</span> <span class='ocrx_word' id='word_1_30' title='bbox 561 657 637 701; x_wconf 84' lang='lat' dir='ltr'>suas</span> <span class='ocrx_word' id='word_1_31' title='bbox 656 639 796 703; x_wconf 75' lang='lat' dir='ltr'><strong>retrahit</strong></span> <span class='ocrx_word' id='word_1_32' title='bbox 818 641 1007 726; x_wconf 90' lang='lat' dir='ltr'>metuitque,</span> <span class='ocrx_word' id='word_1_33' title='bbox 1030 663 1070 707; x_wconf 90' lang='lat' dir='ltr'>ne</span> 
     </span>
     <span class='ocr_line' id='line_1_6' title="bbox 56 721 1104 810; baseline 0.007 -23"><span class='ocrx_word' id='word_1_34' title='bbox 56 722 198 806; x_wconf 89' lang='lat' dir='ltr'>spolium</span> <span class='ocrx_word' id='word_1_35' title='bbox 225 723 305 787; x_wconf 93' lang='lat' dir='ltr'>illud</span> <span class='ocrx_word' id='word_1_36' title='bbox 332 721 406 787; x_wconf 90' lang='lat' dir='ltr'>Indi</span> <span class='ocrx_word' id='word_1_37' title='bbox 430 745 524 788; x_wconf 91' lang='lat' dir='ltr'>suum</span> <span class='ocrx_word' id='word_1_38' title='bbox 547 725 682 810; x_wconf 86' lang='lat' dir='ltr'>vellent,</span> <span class='ocrx_word' id='word_1_39' title='bbox 710 728 796 810; x_wconf 90' lang='lat' dir='ltr'>quod</span> <span class='ocrx_word' id='word_1_40' title='bbox 820 734 905 793; x_wconf 89' lang='lat' dir='ltr'>esset</span> <span class='ocrx_word' id='word_1_41' title='bbox 927 731 1104 794; x_wconf 79' lang='lat' dir='ltr'>Alexan-e</span> 
     </span>
     <span class='ocr_line' id='line_1_7' title="bbox 56 811 1070 903; baseline 0.007 -27"><span class='ocrx_word' id='word_1_42' title='bbox 56 813 115 878; x_wconf 90' lang='lat' dir='ltr'>dro</span> <span class='ocrx_word' id='word_1_43' title='bbox 138 811 371 896; x_wconf 89' lang='lat' dir='ltr'><strong>pudibundum.</strong></span> <span class='ocrx_word' id='word_1_44' title='bbox 417 811 525 897; x_wconf 89' lang='lat' dir='ltr'>Atque</span> <span class='ocrx_word' id='word_1_45' title='bbox 552 813 601 878; x_wconf 86' lang='lat' dir='ltr'>ita</span> <span class='ocrx_word' id='word_1_46' title='bbox 627 815 766 898; x_wconf 78' lang='lat' dir='ltr'>receptis</span> <span class='ocrx_word' id='word_1_47' title='bbox 789 817 857 881; x_wconf 92' lang='lat' dir='ltr'>suis</span> <span class='ocrx_word' id='word_1_48' title='bbox 886 822 919 883; x_wconf 91' lang='lat' dir='ltr'>et</span> <span class='ocrx_word' id='word_1_49' title='bbox 945 820 1070 903; x_wconf 91' lang='lat' dir='ltr'>proelio</span> 
     </span>
     <span class='ocr_line' id='line_1_8' title="bbox 56 901 1070 991; baseline 0.007 -26"><span class='ocrx_word' id='word_1_50' title='bbox 56 902 214 967; x_wconf 88' lang='lat' dir='ltr'>dissoluto</span> <span class='ocrx_word' id='word_1_51' title='bbox 246 901 365 986; x_wconf 86' lang='lat' dir='ltr'>viginti</span> <span class='ocrx_word' id='word_1_52' title='bbox 391 901 493 967; x_wconf 88' lang='lat' dir='ltr'>ferme</span> <span class='ocrx_word' id='word_1_53' title='bbox 522 901 590 966; x_wconf 88' lang='lat' dir='ltr'>dies</span> <span class='ocrx_word' id='word_1_54' title='bbox 623 903 758 969; x_wconf 91' lang='lat' dir='ltr'>indutiis</span> <span class='ocrx_word' id='word_1_55' title='bbox 792 905 921 988; x_wconf 88' lang='lat' dir='ltr'>dantur,</span> <span class='ocrx_word' id='word_1_56' title='bbox 953 908 1070 991; x_wconf 90' lang='lat' dir='ltr'>quibus</span> 
     </span>
     <span class='ocr_line' id='line_1_9' title="bbox 54 990 1071 1080; baseline 0.006 -26"><span class='ocrx_word' id='word_1_57' title='bbox 54 991 217 1075; x_wconf 74' lang='lat' dir='ltr'>utrimque</span> <span class='ocrx_word' id='word_1_58' title='bbox 259 990 454 1075; x_wconf 85' lang='lat' dir='ltr'>sepeliendis</span> <span class='ocrx_word' id='word_1_59' title='bbox 495 992 729 1077; x_wconf 88' lang='lat' dir='ltr'>exurendisque</span> <span class='ocrx_word' id='word_1_60' title='bbox 774 993 843 1080; x_wconf 91' lang='lat' dir='ltr'>his,</span> <span class='ocrx_word' id='word_1_61' title='bbox 884 995 940 1078; x_wconf 93' lang='lat' dir='ltr'>qui</span> <span class='ocrx_word' id='word_1_62' title='bbox 985 996 1071 1078; x_wconf 89' lang='lat' dir='ltr'>apud</span> 
     </span>
     <span class='ocr_line' id='line_1_10' title="bbox 56 1080 1134 1165; baseline 0.003 -20"><span class='ocrx_word' id='word_1_63' title='bbox 56 1083 176 1147; x_wconf 87' lang='lat' dir='ltr'>alteros</span> <span class='ocrx_word' id='word_1_64' title='bbox 217 1080 342 1165; x_wconf 90' lang='lat' dir='ltr'>proelio</span> <span class='ocrx_word' id='word_1_65' title='bbox 385 1080 558 1147; x_wconf 89' lang='lat' dir='ltr'>desiderati</span> <span class='ocrx_word' id='word_1_66' title='bbox 601 1081 749 1165; x_wconf 85' lang='lat' dir='ltr'>fuerant,</span> <span class='ocrx_word' id='word_1_67' title='bbox 790 1083 946 1148; x_wconf 73' lang='lat' dir='ltr'>institere.</span> <span class='ocrx_word' id='word_1_68' title='bbox 1006 1082 1070 1148; x_wconf 80' lang='lat' dir='ltr'>Sed</span> <span class='ocrx_word' id='word_1_69' title='bbox 1087 1087 1134 1139; x_wconf 81' lang='lat'><strong><em>12.</em></strong></span> 
     </span>
     <span class='ocr_line' id='line_1_11' title="bbox 54 1169 1111 1256; baseline 0.001 -21"><span class='ocrx_word' id='word_1_70' title='bbox 54 1172 144 1236; x_wconf 91' lang='lat' dir='ltr'>hisce</span> <span class='ocrx_word' id='word_1_71' title='bbox 177 1171 294 1254; x_wconf 92' lang='lat' dir='ltr'>quibus</span> <span class='ocrx_word' id='word_1_72' title='bbox 327 1169 394 1233; x_wconf 86' lang='lat' dir='ltr'>dixi</span> <span class='ocrx_word' id='word_1_73' title='bbox 430 1171 543 1236; x_wconf 90' lang='lat' dir='ltr'>diebus</span> <span class='ocrx_word' id='word_1_74' title='bbox 578 1171 666 1236; x_wconf 90' lang='lat' dir='ltr'>haud</span> <span class='ocrx_word' id='word_1_75' title='bbox 702 1171 798 1256; x_wconf 89' lang='lat' dir='ltr'>pauci</span> <span class='ocrx_word' id='word_1_76' title='bbox 830 1171 1000 1237; x_wconf 82' lang='lat' dir='ltr'>Persarum</span> <span class='ocrx_word' id='word_1_77' title='bbox 1036 1173 1069 1236; x_wconf 92' lang='lat' dir='ltr'>in</span> <span class='ocrx_word' id='word_1_78' title='bbox 1085 1186 1111 1225; x_wconf 88' lang='lat'>1⁰</span> 
     </span>
     <span class='ocr_line' id='line_1_12' title="bbox 55 1258 1134 1345; baseline 0.002 -21"><span class='ocrx_word' id='word_1_79' title='bbox 55 1263 166 1345; x_wconf 88' lang='lat' dir='ltr'>partes</span> <span class='ocrx_word' id='word_1_80' title='bbox 192 1259 269 1324; x_wconf 91' lang='lat' dir='ltr'>Pori</span> <span class='ocrx_word' id='word_1_81' title='bbox 298 1260 438 1324; x_wconf 87' lang='lat' dir='ltr'>transire</span> <span class='ocrx_word' id='word_1_82' title='bbox 467 1258 652 1325; x_wconf 87' lang='lat' dir='ltr'>Alexandro</span> <span class='ocrx_word' id='word_1_83' title='bbox 683 1261 925 1326; x_wconf 86' lang='lat' dir='ltr'>nuntiabantur.</span> <span class='ocrx_word' id='word_1_84' title='bbox 976 1260 1070 1338; x_wconf 81' lang='lat' dir='ltr'>Quod</span> <span class='ocrx_word' id='word_1_85' title='bbox 1088 1259 1134 1314; x_wconf 87' lang='lat' dir='ltr'>lv.</span> 
     </span>
     <span class='ocr_line' id='line_1_13' title="bbox 55 1349 1071 1433; baseline 0.001 -19"><span class='ocrx_word' id='word_1_86' title='bbox 55 1371 130 1414; x_wconf 91' lang='lat' dir='ltr'>cum</span> <span class='ocrx_word' id='word_1_87' title='bbox 167 1352 200 1414; x_wconf 91' lang='lat' dir='ltr'>et</span> <span class='ocrx_word' id='word_1_88' title='bbox 235 1349 368 1433; x_wconf 88' lang='lat' dir='ltr'>impune</span> <span class='ocrx_word' id='word_1_89' title='bbox 404 1349 476 1413; x_wconf 89' lang='lat' dir='ltr'>fieri</span> <span class='ocrx_word' id='word_1_90' title='bbox 512 1349 695 1433; x_wconf 86' lang='lat' dir='ltr'>pervideret</span> <span class='ocrx_word' id='word_1_91' title='bbox 731 1353 765 1414; x_wconf 87' lang='lat' dir='ltr'>et</span> <span class='ocrx_word' id='word_1_92' title='bbox 806 1349 1071 1416; x_wconf 88' lang='lat' dir='ltr'>consuetudinem</span> 
     </span>
     <span class='ocr_line' id='line_1_14' title="bbox 54 1438 1071 1524; baseline 0 -20"><span class='ocrx_word' id='word_1_93' title='bbox 54 1438 143 1505; x_wconf 85' lang='lat' dir='ltr'>haud</span> <span class='ocrx_word' id='word_1_94' title='bbox 166 1438 334 1504; x_wconf 87' lang='lat' dir='ltr'>commode</span> <span class='ocrx_word' id='word_1_95' title='bbox 357 1438 494 1523; x_wconf 77' lang='lat' dir='ltr'>gliscere</span> <span class='ocrx_word' id='word_1_96' title='bbox 517 1438 592 1502; x_wconf 87' lang='lat' dir='ltr'>fidei</span> <span class='ocrx_word' id='word_1_97' title='bbox 614 1439 869 1524; x_wconf 80' lang='lat' dir='ltr'>negligentibus,</span> <span class='ocrx_word' id='word_1_98' title='bbox 897 1439 971 1504; x_wconf 88' lang='lat' dir='ltr'>iniit</span> <span class='ocrx_word' id='word_1_99' title='bbox 994 1461 1071 1504; x_wconf 79' lang='lat' dir='ltr'>con·</span> 
     </span>
     <span class='ocr_line' id='line_1_15' title="bbox 56 1527 1070 1612; baseline -0.001 -19"><span class='ocrx_word' id='word_1_100' title='bbox 56 1529 182 1612; x_wconf 89' lang='lat' dir='ltr'>silium,</span> <span class='ocrx_word' id='word_1_101' title='bbox 210 1528 259 1592; x_wconf 92' lang='lat' dir='ltr'>uti</span> <span class='ocrx_word' id='word_1_102' title='bbox 286 1527 406 1592; x_wconf 88' lang='lat' dir='ltr'>Porum</span> <span class='ocrx_word' id='word_1_103' title='bbox 434 1528 475 1592; x_wconf 89' lang='lat' dir='ltr'>ad</span> <span class='ocrx_word' id='word_1_104' title='bbox 504 1528 686 1592; x_wconf 84' lang='lat' dir='ltr'>solitarium</span> <span class='ocrx_word' id='word_1_105' title='bbox 715 1529 784 1612; x_wconf 89' lang='lat' dir='ltr'>ipse</span> <span class='ocrx_word' id='word_1_106' title='bbox 811 1528 971 1612; x_wconf 86' lang='lat' dir='ltr'>proelium</span> <span class='ocrx_word' id='word_1_107' title='bbox 998 1550 1070 1612; x_wconf 92' lang='lat' dir='ltr'>pro-</span> 
     </span>
     <span class='ocr_line' id='line_1_16' title="bbox 55 1616 1110 1702; baseline -0.002 -19"><span class='ocrx_word' id='word_1_108' title='bbox 55 1621 201 1700; x_wconf 88' lang='lat' dir='ltr'>vocaret,</span> <span class='ocrx_word' id='word_1_109' title='bbox 232 1619 339 1681; x_wconf 88' lang='lat' dir='ltr'>cetera</span> <span class='ocrx_word' id='word_1_110' title='bbox 367 1617 476 1681; x_wconf 91' lang='lat' dir='ltr'>dicens</span> <span class='ocrx_word' id='word_1_111' title='bbox 508 1637 628 1702; x_wconf 86' lang='lat' dir='ltr'>genera</span> <span class='ocrx_word' id='word_1_112' title='bbox 655 1616 798 1681; x_wconf 86' lang='lat' dir='ltr'>bellandi</span> <span class='ocrx_word' id='word_1_113' title='bbox 824 1617 989 1683; x_wconf 90' lang='lat' dir='ltr'>fortunam</span> <span class='ocrx_word' id='word_1_114' title='bbox 1019 1629 1110 1682; x_wconf 75' lang='lat' dir='ltr'>ex-15</span> 
     </span>
     <span class='ocr_line' id='line_1_17' title="bbox 57 1704 1070 1792; baseline -0.001 -21"><span class='ocrx_word' id='word_1_115' title='bbox 57 1710 203 1792; x_wconf 84' lang='lat' dir='ltr'>spectare</span> <span class='ocrx_word' id='word_1_116' title='bbox 235 1704 345 1790; x_wconf 90' lang='lat' dir='ltr'>potius</span> <span class='ocrx_word' id='word_1_117' title='bbox 376 1726 473 1789; x_wconf 86' lang='lat' dir='ltr'>quam</span> <span class='ocrx_word' id='word_1_118' title='bbox 503 1707 657 1770; x_wconf 85' lang='lat' dir='ltr'>virtutem</span> <span class='ocrx_word' id='word_1_119' title='bbox 686 1709 743 1770; x_wconf 87' lang='lat' dir='ltr'>aut</span> <span class='ocrx_word' id='word_1_120' title='bbox 774 1707 912 1788; x_wconf 87' lang='lat' dir='ltr'>gloriam</span> <span class='ocrx_word' id='word_1_121' title='bbox 945 1707 1070 1771; x_wconf 89' lang='lat' dir='ltr'>ducum.</span> 
     </span>
     <span class='ocr_line' id='line_1_18' title="bbox 55 1793 1070 1878; baseline -0.002 -18"><span class='ocrx_word' id='word_1_122' title='bbox 55 1796 233 1860; x_wconf 84' lang='lat' dir='ltr'>Enimvero</span> <span class='ocrx_word' id='word_1_123' title='bbox 258 1795 320 1858; x_wconf 89' lang='lat' dir='ltr'>sibi</span> <span class='ocrx_word' id='word_1_124' title='bbox 344 1817 409 1860; x_wconf 90' lang='lat' dir='ltr'>non</span> <span class='ocrx_word' id='word_1_125' title='bbox 428 1793 569 1858; x_wconf 88' lang='lat' dir='ltr'>indidem</span> <span class='ocrx_word' id='word_1_126' title='bbox 588 1795 717 1858; x_wconf 84' lang='lat' dir='ltr'>laudem</span> <span class='ocrx_word' id='word_1_127' title='bbox 735 1794 839 1858; x_wconf 89' lang='lat' dir='ltr'>videri</span> <span class='ocrx_word' id='word_1_128' title='bbox 856 1795 1070 1878; x_wconf 87' lang='lat' dir='ltr'>imperatores</span> 
     </span>
     <span class='ocr_line' id='line_1_19' title="bbox 56 1882 1071 1971; baseline -0.005 -21"><span class='ocrx_word' id='word_1_129' title='bbox 56 1889 190 1971; x_wconf 87' lang='lat' dir='ltr'>captare</span> <span class='ocrx_word' id='word_1_130' title='bbox 221 1883 353 1967; x_wconf 89' lang='lat' dir='ltr'>debere,</span> <span class='ocrx_word' id='word_1_131' title='bbox 382 1883 466 1947; x_wconf 89' lang='lat' dir='ltr'>unde</span> <span class='ocrx_word' id='word_1_132' title='bbox 497 1882 636 1946; x_wconf 91' lang='lat' dir='ltr'>subditis</span> <span class='ocrx_word' id='word_1_133' title='bbox 667 1883 734 1947; x_wconf 90' lang='lat' dir='ltr'>suis</span> <span class='ocrx_word' id='word_1_134' title='bbox 763 1883 940 1965; x_wconf 88' lang='lat' dir='ltr'>periculum</span> <span class='ocrx_word' id='word_1_135' title='bbox 968 1882 1071 1946; x_wconf 89' lang='lat' dir='ltr'>fieret.</span> 
     </span>
     <span class='ocr_line' id='line_1_20' title="bbox 57 1969 1072 2059; baseline -0.007 -20"><span class='ocrx_word' id='word_1_136' title='bbox 57 1973 226 2059; x_wconf 92' lang='lat' dir='ltr'>Optimum</span> <span class='ocrx_word' id='word_1_137' title='bbox 246 1993 322 2058; x_wconf 89' lang='lat' dir='ltr'>ergo</span> <span class='ocrx_word' id='word_1_138' title='bbox 340 1973 375 2036; x_wconf 90' lang='lat' dir='ltr'>in</span> <span class='ocrx_word' id='word_1_139' title='bbox 393 1975 529 2057; x_wconf 91' lang='lat' dir='ltr'>utroque</span> <span class='ocrx_word' id='word_1_140' title='bbox 549 1971 726 2036; x_wconf 88' lang='lat' dir='ltr'>iudicatum</span> <span class='ocrx_word' id='word_1_141' title='bbox 744 1970 795 2053; x_wconf 90' lang='lat' dir='ltr'>iri,</span> <span class='ocrx_word' id='word_1_142' title='bbox 813 1971 842 2034; x_wconf 92' lang='lat' dir='ltr'>si</span> <span class='ocrx_word' id='word_1_143' title='bbox 860 1970 927 2035; x_wconf 88' lang='lat' dir='ltr'>suis</span> <span class='ocrx_word' id='word_1_144' title='bbox 940 1969 1072 2053; x_wconf 85' lang='lat' dir='ltr'>ipsimet</span> 
     </span>
     <span class='ocr_line' id='line_1_21' title="bbox 56 2058 1111 2146; baseline -0.007 -19"><span class='ocrx_word' id='word_1_145' title='bbox 56 2064 152 2128; x_wconf 88' lang='lat' dir='ltr'>duces</span> <span class='ocrx_word' id='word_1_146' title='bbox 181 2061 331 2126; x_wconf 88' lang='lat' dir='ltr'>manibus</span> <span class='ocrx_word' id='word_1_147' title='bbox 362 2061 589 2146; x_wconf 87' lang='lat' dir='ltr'>experirentur.</span> <span class='ocrx_word' id='word_1_148' title='bbox 642 2059 735 2136; x_wconf 82' lang='lat' dir='ltr'>Quod</span> <span class='ocrx_word' id='word_1_149' title='bbox 767 2059 794 2123; x_wconf 91' lang='lat' dir='ltr'>si</span> <span class='ocrx_word' id='word_1_150' title='bbox 821 2058 905 2124; x_wconf 94' lang='lat' dir='ltr'>Poro</span> <span class='ocrx_word' id='word_1_151' title='bbox 937 2058 1111 2140; x_wconf 78' lang='lat' dir='ltr'>sederet,20</span> 
     </span>
     <span class='ocr_line' id='line_1_22' title="bbox 55 2146 1072 2233; baseline -0.006 -17"><span class='ocrx_word' id='word_1_152' title='bbox 55 2153 223 2216; x_wconf 84' lang='lat' dir='ltr'>fortunam</span> <span class='ocrx_word' id='word_1_153' title='bbox 255 2150 412 2215; x_wconf 89' lang='lat' dir='ltr'>eiusmodi</span> <span class='ocrx_word' id='word_1_154' title='bbox 450 2149 582 2213; x_wconf 90' lang='lat' dir='ltr'>minime</span> <span class='ocrx_word' id='word_1_155' title='bbox 615 2151 872 2233; x_wconf 85' lang='lat' dir='ltr'>asperneturum.</span> <span class='ocrx_word' id='word_1_156' title='bbox 926 2146 964 2211; x_wconf 91' lang='lat' dir='ltr'>Id</span> <span class='ocrx_word' id='word_1_157' title='bbox 1000 2146 1072 2210; x_wconf 89' lang='lat' dir='ltr'>bar·</span> 
     </span>
     <span class='ocr_line' id='line_1_23' title="bbox 56 2235 1071 2322; baseline -0.006 -17"><span class='ocrx_word' id='word_1_158' title='bbox 56 2242 156 2305; x_wconf 88' lang='lat' dir='ltr'>barus</span> <span class='ocrx_word' id='word_1_159' title='bbox 181 2239 244 2304; x_wconf 90' lang='lat' dir='ltr'>sibi</span> <span class='ocrx_word' id='word_1_160' title='bbox 262 2239 376 2303; x_wconf 89' lang='lat' dir='ltr'>libenti</span> <span class='ocrx_word' id='word_1_161' title='bbox 397 2239 477 2303; x_wconf 88' lang='lat' dir='ltr'>satis</span> <span class='ocrx_word' id='word_1_162' title='bbox 502 2238 611 2303; x_wconf 87' lang='lat' dir='ltr'>offerri</span> <span class='ocrx_word' id='word_1_163' title='bbox 635 2238 806 2322; x_wconf 88' lang='lat' dir='ltr'>profitetur</span> <span class='ocrx_word' id='word_1_164' title='bbox 829 2235 1071 2322; x_wconf 89' lang='lat' dir='ltr'>adquiescitque</span> 
     </span>
     <span class='ocr_line' id='line_1_24' title="bbox 57 2326 1071 2413; baseline -0.007 -18"><span class='ocrx_word' id='word_1_165' title='bbox 57 2328 252 2407; x_wconf 88' lang='lat' dir='ltr'>condicioni,</span> <span class='ocrx_word' id='word_1_166' title='bbox 281 2350 378 2413; x_wconf 88' lang='lat' dir='ltr'>quam</span> <span class='ocrx_word' id='word_1_167' title='bbox 401 2326 586 2393; x_wconf 83' lang='lat' dir='ltr'>Alexander</span> <span class='ocrx_word' id='word_1_168' title='bbox 613 2326 746 2410; x_wconf 88' lang='lat' dir='ltr'>fecerat,</span> <span class='ocrx_word' id='word_1_169' title='bbox 773 2326 897 2392; x_wconf 87' lang='lat' dir='ltr'>scilicet</span> <span class='ocrx_word' id='word_1_170' title='bbox 922 2326 1071 2392; x_wconf 86' lang='lat' dir='ltr'>aestima·</span> 
     </span>
     <span class='ocr_line' id='line_1_25' title="bbox 56 2416 1071 2501; baseline -0.004 -18"><span class='ocrx_word' id='word_1_171' title='bbox 56 2419 148 2483; x_wconf 91' lang='lat' dir='ltr'>tione</span> <span class='ocrx_word' id='word_1_172' title='bbox 171 2418 343 2482; x_wconf 88' lang='lat' dir='ltr'>barbarica</span> <span class='ocrx_word' id='word_1_173' title='bbox 366 2416 404 2482; x_wconf 89' lang='lat' dir='ltr'>de</span> <span class='ocrx_word' id='word_1_174' title='bbox 432 2416 528 2481; x_wconf 89' lang='lat' dir='ltr'>modo</span> <span class='ocrx_word' id='word_1_175' title='bbox 552 2438 722 2501; x_wconf 91' lang='lat' dir='ltr'>corporum</span> <span class='ocrx_word' id='word_1_176' title='bbox 747 2437 930 2480; x_wconf 90' lang='lat' dir='ltr'>mensuram</span> <span class='ocrx_word' id='word_1_177' title='bbox 953 2416 1071 2480; x_wconf 88' lang='lat' dir='ltr'>virium</span> 
     </span>
     <span class='ocr_line' id='line_1_26' title="bbox 58 2493 1111 2590; baseline -0.006 -17"><span class='ocrx_word' id='word_1_178' title='bbox 58 2506 205 2590; x_wconf 89' lang='lat' dir='ltr'>metiens,</span> <span class='ocrx_word' id='word_1_179' title='bbox 224 2527 297 2570; x_wconf 94' lang='lat' dir='ltr'>cum</span> <span class='ocrx_word' id='word_1_180' title='bbox 313 2527 346 2570; x_wconf 89' lang='lat' dir='ltr'>se</span> <span class='ocrx_word' id='word_1_181' title='bbox 365 2505 602 2590; x_wconf 85' lang='lat' dir='ltr'>proceritudiue</span> <span class='ocrx_word' id='word_1_182' title='bbox 616 2505 762 2588; x_wconf 86' lang='lat' dir='ltr'>corporis</span> <span class='ocrx_word' id='word_1_183' title='bbox 778 2508 811 2570; x_wconf 92' lang='lat' dir='ltr'>et</span> <span class='ocrx_word' id='word_1_184' title='bbox 825 2508 932 2569; x_wconf 88' lang='lat' dir='ltr'>cetera</span> <span class='ocrx_word' id='word_1_185' title='bbox 946 2503 1069 2589; x_wconf 88' lang='lat' dir='ltr'>magni·</span> <span class='ocrx_word' id='word_1_186' title='bbox 1085 2493 1111 2556; x_wconf 68' lang='lat'>2⁸⁵</span> 
     </span>
     <span class='ocr_line' id='line_1_27' title="bbox 56 2593 1072 2680; baseline -0.005 -20"><span class='ocrx_word' id='word_1_187' title='bbox 56 2595 181 2660; x_wconf 91' lang='lat' dir='ltr'>tudinis</span> <span class='ocrx_word' id='word_1_188' title='bbox 211 2595 426 2680; x_wconf 87' lang='lat' dir='ltr'>congruentia</span> <span class='ocrx_word' id='word_1_189' title='bbox 453 2596 551 2679; x_wconf 85' lang='lat' dir='ltr'>longe</span> <span class='ocrx_word' id='word_1_190' title='bbox 579 2594 700 2658; x_wconf 86' lang='lat' dir='ltr'>distare</span> <span class='ocrx_word' id='word_1_191' title='bbox 729 2593 770 2658; x_wconf 90' lang='lat' dir='ltr'>ab</span> <span class='ocrx_word' id='word_1_192' title='bbox 798 2594 974 2677; x_wconf 83' lang='lat' dir='ltr'>exiguitate</span> <span class='ocrx_word' id='word_1_193' title='bbox 998 2593 1072 2655; x_wconf 88' lang='lat' dir='ltr'>Ale-</span> 
     </span>
     <span class='ocr_line' id='line_1_28' title="bbox 57 2681 1072 2767; baseline -0.009 -17"><span class='ocrx_word' id='word_1_194' title='bbox 57 2684 175 2750; x_wconf 89' lang='lat' dir='ltr'>xandri</span> <span class='ocrx_word' id='word_1_195' title='bbox 197 2683 389 2767; x_wconf 85' lang='lat' dir='ltr'>pervideret,</span> <span class='ocrx_word' id='word_1_196' title='bbox 411 2683 481 2767; x_wconf 88' lang='lat' dir='ltr'>ipse</span> <span class='ocrx_word' id='word_1_197' title='bbox 500 2683 641 2767; x_wconf 88' lang='lat' dir='ltr'>quinque</span> <span class='ocrx_word' id='word_1_198' title='bbox 664 2683 766 2746; x_wconf 84' lang='lat' dir='ltr'>ferme</span> <span class='ocrx_word' id='word_1_199' title='bbox 784 2681 903 2746; x_wconf 88' lang='lat' dir='ltr'>cubitis</span> <span class='ocrx_word' id='word_1_200' title='bbox 922 2681 1072 2761; x_wconf 81' lang='lat' dir='ltr'>evectior,</span> 
     </span>
     <span class='ocr_line' id='line_1_29' title="bbox 57 2767 1075 2856; baseline -0.008 -18"><span class='ocrx_word' id='word_1_201' title='bbox 57 2795 131 2838; x_wconf 93' lang='lat' dir='ltr'>cum</span> <span class='ocrx_word' id='word_1_202' title='bbox 150 2772 372 2837; x_wconf 84' lang='lat' dir='ltr'>Alexandrum</span> <span class='ocrx_word' id='word_1_203' title='bbox 397 2773 452 2856; x_wconf 93' lang='lat' dir='ltr'>qui</span> <span class='ocrx_word' id='word_1_204' title='bbox 473 2771 645 2838; x_wconf 86' lang='lat' dir='ltr'>visitavere</span> <span class='ocrx_word' id='word_1_205' title='bbox 668 2771 722 2834; x_wconf 90' lang='lat' dir='ltr'>vix</span> <span class='ocrx_word' id='word_1_206' title='bbox 744 2768 849 2834; x_wconf 89' lang='lat' dir='ltr'>tribus</span> <span class='ocrx_word' id='word_1_207' title='bbox 873 2767 991 2834; x_wconf 89' lang='lat' dir='ltr'>cubitis</span> <span class='ocrx_word' id='word_1_208' title='bbox 1014 2790 1075 2840; x_wconf 67' lang='lat' dir='ltr'>nu-⁴</span> 
     </span>
     <span class='ocr_line' id='line_1_30' title="bbox 56 2863 280 2927; baseline -0.004 -1"><span class='ocrx_word' id='word_1_209' title='bbox 56 2863 280 2927; x_wconf 88' lang='lat' dir='ltr'>meravissent.</span> 
     </span>
    </p>
   </div>
   <div class='ocr_carea' id='block_1_3' title="bbox 56 3013 1188 3438">
    <p class='ocr_par' dir='ltr' id='par_1_3' title="bbox 56 3013 1188 3438">
     <span class='ocr_line' id='line_1_31' title="bbox 148 3013 1073 3088; baseline -0.005 -16"><span class='ocrx_word' id='word_1_210' title='bbox 148 3015 274 3074; x_wconf 64' lang='lat' dir='ltr'>Avidcri</span> <span class='ocrx_word' id='word_1_211' title='bbox 292 3017 435 3088; x_wconf 83' lang='lat' dir='ltr'>ingratum</span> <span class='ocrx_word' id='word_1_212' title='bbox 454 3015 510 3072; x_wconf 80' lang='lat' dir='ltr'>luit</span> <span class='ocrx_word' id='word_1_213' title='bbox 528 3018 564 3071; x_wconf 87' lang='lat' dir='ltr'>A.</span> <span class='ocrx_word' id='word_1_214' title='bbox 593 3014 716 3070; x_wconf 86' lang='lat' dir='ltr'>rediviva</span> <span class='ocrx_word' id='word_1_215' title='bbox 738 3014 771 3068; x_wconf 91' lang='grc' dir='ltr'>Ρ.</span> <span class='ocrx_word' id='word_1_216' title='bbox 822 3020 960 3083; x_wconf 72' lang='lat' dir='ltr'>tequum</span> <span class='ocrx_word' id='word_1_217' title='bbox 978 3013 1073 3067; x_wconf 82' lang='lat' dir='ltr'>exani·</span> 
     </span>
     <span class='ocr_line' id='line_1_32' title="bbox 57 3084 1188 3170; baseline -0.006 -26"><span class='ocrx_word' id='word_1_218' title='bbox 57 3105 133 3144; x_wconf 91' lang='lat' dir='ltr'>mem</span> <span class='ocrx_word' id='word_1_219' title='bbox 152 3095 200 3145; x_wconf 86' lang='lat' dir='ltr'>etc.</span> <span class='ocrx_word' id='word_1_220' title='bbox 220 3089 256 3146; x_wconf 92' lang='lat' dir='ltr'><strong><em>A.</em></strong></span> <span class='ocrx_word' id='word_1_221' title='bbox 290 3104 353 3142; x_wconf 90' lang='lat' dir='ltr'>eum</span> <span class='ocrx_word' id='word_1_222' title='bbox 372 3086 433 3170; x_wconf 85' lang='lat' dir='ltr'>ipse</span> <span class='ocrx_word' id='word_1_223' title='bbox 452 3085 748 3143; x_wconf 69' lang='lat' dir='ltr'>exanimem&#39;caudam</span> <span class='ocrx_word' id='word_1_224' title='bbox 768 3085 804 3141; x_wconf 91' lang='lat' dir='ltr'><strong><em>P.</em></strong></span> <span class='ocrx_word' id='word_1_225' title='bbox 895 3085 1020 3140; x_wconf 65' lang='lat' dir='ltr'>saltere</span> <span class='ocrx_word' id='word_1_226' title='bbox 1039 3084 1073 3138; x_wconf 87' lang='lat' dir='ltr'>P.</span> <span class='ocrx_word' id='word_1_227' title='bbox 1183 3141 1188 3151; x_wconf 66' lang='grc'>,</span> 
     </span>
     <span class='ocr_line' id='line_1_33' title="bbox 58 3155 1073 3226; baseline -0.005 -12"><span class='ocrx_word' id='word_1_228' title='bbox 58 3165 93 3214; x_wconf 89' lang='grc'>10</span> <span class='ocrx_word' id='word_1_229' title='bbox 111 3159 156 3214; x_wconf 86' lang='lat' dir='ltr'>his</span> <span class='ocrx_word' id='word_1_230' title='bbox 177 3160 212 3215; x_wconf 88' lang='lat' dir='ltr'>P.</span> <span class='ocrx_word' id='word_1_231' title='bbox 251 3165 283 3213; x_wconf 90' lang='lat'>11</span> <span class='ocrx_word' id='word_1_232' title='bbox 303 3161 437 3214; x_wconf 81' lang='lat' dir='ltr'>transrsse</span> <span class='ocrx_word' id='word_1_233' title='bbox 456 3159 489 3213; x_wconf 89' lang='lat' dir='ltr'>P.</span> <span class='ocrx_word' id='word_1_234' title='bbox 532 3163 565 3211; x_wconf 76' lang='lat'>12</span> <span class='ocrx_word' id='word_1_235' title='bbox 583 3157 697 3226; x_wconf 91' lang='lat' dir='ltr'>impune</span> <span class='ocrx_word' id='word_1_236' title='bbox 716 3158 751 3211; x_wconf 88' lang='lat' dir='ltr'><strong><em>A.</em></strong></span> <span class='ocrx_word' id='word_1_237' title='bbox 779 3155 809 3210; x_wconf 89' lang='lat' dir='ltr'>in</span> <span class='ocrx_word' id='word_1_238' title='bbox 828 3173 882 3225; x_wconf 90' lang='lat' dir='ltr'>pne</span> <span class='ocrx_word' id='word_1_239' title='bbox 901 3156 935 3211; x_wconf 92' lang='lat' dir='ltr'>P.</span> <span class='ocrx_word' id='word_1_240' title='bbox 979 3161 1011 3210; x_wconf 83' lang='grc'>13</span> <span class='ocrx_word' id='word_1_241' title='bbox 1030 3155 1073 3209; x_wconf 88' lang='lat' dir='ltr'>in-</span> 
     </span>
     <span class='ocr_line' id='line_1_34' title="bbox 56 3225 1163 3301; baseline -0.004 -17"><span class='ocrx_word' id='word_1_242' title='bbox 56 3231 94 3287; x_wconf 85' lang='lat' dir='ltr'>iit</span> <span class='ocrx_word' id='word_1_243' title='bbox 116 3231 236 3301; x_wconf 72' lang='lat' dir='ltr'>Rupit.</span> <span class='ocrx_word' id='word_1_244' title='bbox 265 3229 318 3285; x_wconf 90' lang='lat' dir='ltr'>init</span> <span class='ocrx_word' id='word_1_245' title='bbox 336 3232 372 3284; x_wconf 90' lang='lat' dir='ltr'><strong><em>A.</em></strong></span> <span class='ocrx_word' id='word_1_246' title='bbox 418 3235 451 3284; x_wconf 89' lang='lat' dir='ltr'>1e</span> <span class='ocrx_word' id='word_1_247' title='bbox 470 3230 565 3300; x_wconf 91' lang='lat' dir='ltr'>potius</span> <span class='ocrx_word' id='word_1_248' title='bbox 584 3228 617 3282; x_wconf 89' lang='lat' dir='ltr'>P.</span> <span class='ocrx_word' id='word_1_249' title='bbox 646 3227 773 3298; x_wconf 87' lang='lat' dir='ltr'>protinus</span> <span class='ocrx_word' id='word_1_250' title='bbox 791 3226 826 3282; x_wconf 91' lang='lat' dir='ltr'><strong><em>A.</em></strong></span> <span class='ocrx_word' id='word_1_251' title='bbox 874 3232 906 3282; x_wconf 76' lang='lat'>1⁷</span> <span class='ocrx_word' id='word_1_252' title='bbox 926 3227 1017 3282; x_wconf 84' lang='lat' dir='ltr'>videri</span> <span class='ocrx_word' id='word_1_253' title='bbox 1039 3225 1074 3281; x_wconf 92' lang='lat' dir='ltr'>P.</span> <span class='ocrx_word' id='word_1_254' title='bbox 1154 3267 1163 3280; x_wconf 86' lang='lat'><strong><em>.</em></strong></span> 
     </span>
     <span class='ocr_line' id='line_1_35' title="bbox 57 3297 1071 3363; baseline -0.006 -6"><span class='ocrx_word' id='word_1_255' title='bbox 57 3301 112 3357; x_wconf 90' lang='lat' dir='ltr'>viri</span> <span class='ocrx_word' id='word_1_256' title='bbox 130 3301 167 3357; x_wconf 92' lang='lat' dir='ltr'><strong><em>A.</em></strong></span> <span class='ocrx_word' id='word_1_257' title='bbox 247 3306 280 3356; x_wconf 85' lang='lat'>18</span> <span class='ocrx_word' id='word_1_258' title='bbox 298 3301 401 3356; x_wconf 85' lang='lat' dir='ltr'>debere</span> <span class='ocrx_word' id='word_1_259' title='bbox 424 3317 475 3356; x_wconf 77' lang='lat' dir='ltr'>orn.</span> <span class='ocrx_word' id='word_1_260' title='bbox 494 3299 530 3355; x_wconf 91' lang='lat' dir='ltr'><strong><em>A.</em></strong></span> <span class='ocrx_word' id='word_1_261' title='bbox 608 3304 641 3353; x_wconf 87' lang='grc'>19</span> <span class='ocrx_word' id='word_1_262' title='bbox 660 3299 815 3354; x_wconf 84' lang='lat' dir='ltr'>iudicatum</span> <span class='ocrx_word' id='word_1_263' title='bbox 838 3298 874 3353; x_wconf 90' lang='lat' dir='ltr'>iri</span> <span class='ocrx_word' id='word_1_264' title='bbox 897 3297 999 3354; x_wconf 78' lang='lat' dir='ltr'>Haase.</span> <span class='ocrx_word' id='word_1_265' title='bbox 1036 3297 1071 3363; x_wconf 81' lang='lat' dir='ltr'>cf.</span> 
     </span>
     <span class='ocr_line' id='line_1_36' title="bbox 62 3367 1073 3438; baseline -0.009 -9"><span class='ocrx_word' id='word_1_266' title='bbox 62 3373 219 3429; x_wconf 73' lang='lat' dir='ltr'>Volkmann</span> <span class='ocrx_word' id='word_1_267' title='bbox 244 3373 281 3428; x_wconf 80' lang='lat' dir='ltr'>ud</span> <span class='ocrx_word' id='word_1_268' title='bbox 304 3373 375 3426; x_wconf 79' lang='lat' dir='ltr'>Itiu.</span> <span class='ocrx_word' id='word_1_269' title='bbox 399 3371 480 3426; x_wconf 77' lang='lat' dir='ltr'>Alea.</span> <span class='ocrx_word' id='word_1_270' title='bbox 507 3369 626 3425; x_wconf 87' lang='lat' dir='ltr'><strong><em>XVIII</em></strong></span> <span class='ocrx_word' id='word_1_271' title='bbox 629 3390 639 3436; x_wconf 91' lang='lat'><em>;</em></span> <span class='ocrx_word' id='word_1_272' title='bbox 666 3368 793 3424; x_wconf 86' lang='lat' dir='ltr'>iudicant</span> <span class='ocrx_word' id='word_1_273' title='bbox 817 3369 871 3424; x_wconf 92' lang='lat' dir='ltr'>viri</span> <span class='ocrx_word' id='word_1_274' title='bbox 895 3372 931 3423; x_wconf 87' lang='lat' dir='ltr'><strong><em>A.</em></strong></span> <span class='ocrx_word' id='word_1_275' title='bbox 941 3370 974 3424; x_wconf 91' lang='lat' dir='ltr'><strong><em>P.</em></strong></span> <span class='ocrx_word' id='word_1_276' title='bbox 1005 3367 1073 3438; x_wconf 89' lang='lat' dir='ltr'>ipsi·</span> 
     </span>
    </p>
   </div>
   <div class='ocr_carea' id='block_1_4' title="bbox 53 3440 1108 3656">
    <p class='ocr_par' dir='ltr' id='par_1_4' title="bbox 53 3440 1108 3656">
     <span class='ocr_line' id='line_1_37' title="bbox 56 3440 1088 3568; baseline -0.011 -70"><span class='ocrx_word' id='word_1_277' title='bbox 56 3445 117 3500; x_wconf 88' lang='lat' dir='ltr'>met</span> <span class='ocrx_word' id='word_1_278' title='bbox 134 3445 168 3500; x_wconf 94' lang='lat' dir='ltr'>P.</span> <span class='ocrx_word' id='word_1_279' title='bbox 189 3443 249 3528; x_wconf 85' lang='lat' dir='ltr'>ipsi</span> <span class='ocrx_word' id='word_1_280' title='bbox 268 3444 305 3498; x_wconf 93' lang='lat' dir='ltr'><strong><em>A.</em></strong></span> <span class='ocrx_word' id='word_1_281' title='bbox 360 3448 394 3497; x_wconf 78' lang='lat'>22</span> <span class='ocrx_word' id='word_1_282' title='bbox 414 3440 616 3568; x_wconf 49' lang='grc' dir='ltr'>θὴμοὲμίθεοίῢ</span> <span class='ocrx_word' id='word_1_283' title='bbox 634 3440 665 3495; x_wconf 89' lang='lat' dir='ltr'>P.</span> <span class='ocrx_word' id='word_1_284' title='bbox 717 3446 754 3524; x_wconf 61' lang='grc'>111</span> <span class='ocrx_word' id='word_1_285' title='bbox 771 3457 861 3510; x_wconf 70' lang='lat' dir='ltr'>quam</span> <span class='ocrx_word' id='word_1_286' title='bbox 879 3440 915 3494; x_wconf 89' lang='lat' dir='ltr'><strong><em>P.</em></strong></span> <span class='ocrx_word' id='word_1_287' title='bbox 937 3441 1088 3519; x_wconf 45' lang='lat' dir='ltr'>unauna.</span> 
     </span>
     <span class='ocr_line' id='line_1_38' title="bbox 53 3503 1108 3656; baseline 0 -87"><span class='ocrx_word' id='word_1_288' title='bbox 53 3514 336 3656; x_wconf 48' lang='lat' dir='ltr'>,zngggergtssgePP</span> <span class='ocrx_word' id='word_1_289' title='bbox 365 3515 496 3585; x_wconf 80' lang='lat' dir='ltr'>magnltu</span> <span class='ocrx_word' id='word_1_290' title='bbox 515 3529 564 3570; x_wconf 85' lang='lat' dir='ltr'>me</span> <span class='ocrx_word' id='word_1_291' title='bbox 588 3516 764 3586; x_wconf 65' lang='lat' dir='ltr'>congruenti</span> <span class='ocrx_word' id='word_1_292' title='bbox 788 3513 827 3569; x_wconf 82' lang='lat' dir='ltr'><strong><em>P.</em></strong></span> <span class='ocrx_word' id='word_1_293' title='bbox 898 3515 943 3562; x_wconf 56' lang='lat' dir='ltr'>‘Ab</span> <span class='ocrx_word' id='word_1_294' title='bbox 960 3503 1108 3569; x_wconf 51' lang='lat' dir='ltr'>effiffi</span> 
     </span>
    </p>
   </div>
   <div class='ocr_carea' id='block_1_5' title="bbox 0 0 1212 3826">
    <p class='ocr_par' dir='ltr' id='par_1_5' title="bbox 0 0 1212 3826">
     <span class='ocr_line' id='line_1_39' title="bbox 0 0 1212 3826; baseline 0 0"><span class='ocrx_word' id='word_1_295' title='bbox 0 0 1212 3826; x_wconf 95' lang='lat' dir='ltr'> </span> 
     </span>
    </p>
   </div>
  </div>
 </body>
</html>
