2414 3826
186 176 363 233 EPISTOLA
380 176 595 231 ALEXANDRI
612 177 662 232 AD
681 177 949 234 ARISTOTELEM.
1006 179 1072 243 209

58 346 93 408 et
123 345 253 405 antrum
281 339 406 419 Liberi,
436 361 499 424 quo
529 340 653 423 perdidi
680 341 828 406 homines
856 342 989 426 missos,
1018 343 1073 425 qui

58 430 250 497 dicebantur
280 430 377 493 tertia
405 429 456 492 die
483 429 629 492 febribus
653 430 751 514 mori,
779 431 856 513 quia
885 430 1073 514 speluncam

58 519 111 584 dei
133 518 335 583 introissent.
372 516 465 593 Quod
488 517 589 582 fuisse
612 516 664 581 dei
687 519 895 583 manifestum
913 519 1072 583 mortibus

57 629 171 673 corum
194 607 413 690 probavimus,
440 606 515 689 quia
537 605 652 670 intrari
675 610 803 689 praeter
826 607 1015 692 religionem
1040 611 1072 672 et

58 698 128 762 sine
151 695 339 759 muneribus
368 716 483 778 specus
510 716 577 759 non
599 697 736 777 poterat.
781 695 887 779 Igitur
912 717 973 780 ego
997 716 1098 780 sup-s

56 787 133 870 pler
158 785 293 850 orabam
315 783 462 864 numina,
490 785 528 846 ut
554 804 607 847 me
633 804 743 867 regem
766 784 868 848 totius
895 785 984 849 orbis
1005 788 1071 849 ter-

56 896 167 938 rarum
186 895 260 937 cum
280 872 471 937 sublimibus
490 871 657 954 trophaeis
677 871 934 956 triumphantem
952 873 988 936 in
1001 872 1071 937 Ma·

57 961 228 1027 codoniam
252 959 440 1044 Olympiadi
468 959 566 1025 matri
595 981 684 1023 meae
708 962 920 1024 remitterent.
967 959 1072 1036 Quam

56 1073 124 1115 rem
157 1050 280 1115 frustra
312 1072 364 1113 me
397 1052 506 1132 petere
538 1049 586 1112 ita
619 1049 772 1133 cognovi,
808 1050 962 1133 quoniam
995 1048 1071 1113 dum

58 1139 216 1222 sciscitor,
246 1138 274 1201 si
298 1136 375 1221 quid
398 1137 497 1201 etiam
520 1158 620 1201 unum
642 1137 751 1201 videre
779 1160 909 1221 possem
937 1138 1071 1222 dignum
1086 1159 1112 1198 ro

58 1228 99 1292 ad
114 1226 363 1292 admirationem
382 1229 438 1290 aut
456 1226 656 1310 memoriam,
677 1227 827 1291 omnibus
841 1226 931 1290 Indis
949 1247 1070 1311 nogan-

55 1316 144 1380 tibus
168 1337 305 1399 usquam
334 1336 418 1398 esse,
446 1314 562 1378 diverti
587 1318 692 1379 castra
719 1316 754 1379 iu
776 1315 969 1399 Phasiacen,
998 1337 1071 1380 cum

57 1409 154 1469 antea
176 1403 283 1468 Nothi
307 1404 396 1468 venti
419 1402 515 1466 flatus
540 1424 644 1467 essem
668 1407 805 1468 secutus.

145 1492 295 1578 Dumque
320 1491 353 1554 in
375 1492 489 1556 itinere
512 1493 721 1576 sumpsissem
741 1513 857 1576 agmen
883 1494 943 1557 sub
967 1493 1070 1580 signis

57 1582 193 1646 ducente
217 1603 278 1664 me,
302 1581 364 1644 duo
387 1602 478 1645 senes
498 1580 577 1644 facti
600 1585 675 1644 sunt
692 1581 787 1646 nobis
807 1582 945 1647 obviam.
983 1581 1070 1658 Quos
1085 1601 1110 1642 15

57 1692 131 1734 cum
157 1671 411 1754 interrogarem,
441 1668 598 1752 numquid
624 1674 760 1733 nossent
787 1671 821 1733 in
851 1670 908 1734 illa
938 1672 1070 1755 regione

57 1759 195 1842 dignum
218 1759 349 1842 aliquod
374 1758 603 1841 spectaculum,
627 1757 864 1841 responderunt
887 1758 977 1842 mihi,
1000 1781 1071 1823 esse

56 1849 146 1912 viam
163 1847 278 1911 decem
306 1868 373 1911 non
396 1846 537 1930 amplius
565 1845 703 1928 dierum,
729 1867 789 1928 per
817 1868 914 1928 quam
941 1847 1070 1929 iniquae

57 1939 168 2000 essent
187 1936 387 2019 aquationes,
411 1934 550 1998 maxime
573 1936 684 1997 tamen
707 1935 736 1997 si
757 1934 835 1997 illuc
859 1955 931 1998 cum
953 1934 1070 1998 tantis-

57 2046 119 2110 que
153 2024 393 2108 impedimentis
429 2027 462 2086 et
496 2044 567 2086 cum
602 2022 754 2086 universo
786 2041 921 2106 pergere
953 2022 1070 2086 vellem
1084 2043 1110 2082 ao

57 2114 207 2178 exercitu.
253 2111 405 2178 Ceterum
435 2110 464 2175 si
491 2111 665 2176 comitatus
694 2110 910 2194 quadraginta
939 2110 1070 2176 milibus

56 2201 224 2266 hominum
253 2221 486 2285 praeponerem
516 2221 575 2283 per
604 2202 759 2283 angustas
789 2199 920 2264 semitas
951 2203 984 2263 et
1012 2222 1070 2283 per

55 2290 200 2355 bestiosa
233 2291 312 2354 satis
346 2291 417 2354 loca
450 2309 599 2373 pergere,
632 2309 729 2372 posse
760 2287 842 2352 mihi
874 2289 1070 2373 contingere,

56 2383 93 2442 ut
125 2379 248 2463 aliquid
280 2377 470 2443 incredibile
502 2377 727 2461 perspicerem.
782 2376 866 2441 Tum
898 2398 957 2463 ego
994 2378 1068 2443 ilico

146 2551 291 2621 lperdidi
317 2573 347 2606 ω.
379 2551 493 2621 prodidi
519 2551 549 2607 0.
582 2569 637 2622 quo
663 2552 789 2620 perditos
818 2552 975 2620 emisimus,
1002 2552 1069 2620 quia

56 2622 349 2690 dicebantur-mori,
369 2624 417 2691 qui
436 2624 473 2678 H.
537 2627 658 2692 bspecu
677 2644 708 2679 ω.
744 2622 835 2692 Igitur
853 2639 906 2694 ego
925 2625 958 2678 P.
982 2623 1069 2692 igitur

55 2711 89 2748 eo
110 2693 139 2748 0.
159 2710 209 2748 om.
229 2699 275 2748 cet.
322 2700 355 2747 10
374 2693 473 2774 unum]
493 2693 584 2747 adhuc
603 2694 642 2748 H.
688 2699 720 2746 11
740 2693 926 2747 admiratione
945 2693 995 2746 aut
1012 2709 1069 2746 me-

53 2763 268 2818 moriaO.V.H.
304 2762 335 2817 id
352 2764 522 2834 negantrbus
534 2762 562 2817 0.
607 2768 640 2817 12
659 2779 778 2830 usquam
792 2762 912 2818 &MJK
932 2779 1068 2830 nusquam

56 2835 84 2891 0.
110 2849 245 2900 umquam
263 2832 340 2888 L.B.
385 2834 490 2905 castra]
514 2834 632 2888 castella
650 2854 681 2887 ω.
725 2833 854 2887 omnibus
877 2832 953 2888 Indis
975 2833 1069 2888 dicen-

54 2906 132 2960 tibus
147 2902 234 2957 nichil
249 2902 327 2957 aliud
340 2904 523 2958 memorabile
541 2902 661 2958 inveniri
679 2919 761 2972 posse
780 2904 809 2957 in
827 2903 871 2957 his
885 2903 964 2972 locis,
984 2921 1069 2972 quam

54 2976 130 3045 quod
155 2975 352 3043 cognovimus,
376 2973 446 3028 iussi
470 2973 574 3029 diverti
598 2975 678 3044 signa
701 2971 731 3028 in
749 2973 905 3030 Phasiacen
927 2973 1070 3030 antinothi

53 3047 133 3102 venti
151 3047 249 3099 flatum
269 3048 380 3099 secutus
399 3046 438 3099 H.
499 3051 533 3099 14
552 3044 625 3099 Dum
644 3038 673 3099 oi.
707 3046 812 3114 sumpsi
831 3066 860 3101 ω.
894 3046 1021 3129 Tumque
1039 3045 1069 3099 in

53 3117 155 3172 itinere
175 3118 317 3185 sumptum
336 3132 438 3187 agmen
457 3116 496 3171 H.
562 3120 595 3169 19
614 3115 734 3172 maxime
754 3117 784 3172 0.
804 3133 854 3173 cm.
874 3122 921 3173 cet.
959 3115 1068 3171 s1illuc

55 3206 118 3243 cum
139 3188 167 3245 O.
192 3205 277 3243 causa
295 3187 361 3242 ω]
398 3187 541 3256 tantisque
560 3207 590 3241 o.
614 3187 701 3242 tantis
722 3186 750 3242 0.
840 3193 874 3243 20
893 3192 923 3243 et
941 3188 971 3243 0.
995 3189 1019 3240 si
1038 3208 1068 3243 ω.

54 3276 190 3329 perquam
224 3258 346 3313 difficilis
376 3261 471 3314 tamen
498 3273 625 3313 accessus
657 3261 772 3328 propter
798 3258 945 3328 penuriam
978 3275 1068 3327 aquae

54 3328 197 3399 tantisque
215 3329 432 3400 impedimentis,
451 3330 476 3384 si
494 3329 533 3384 H.
604 3334 637 3382 21
658 3329 820 3402 comitatus]
839 3332 1012 3385 commeatus
1033 3334 1067 3383 H.

54 3401 168 3456 milibus
187 3404 294 3472 scripsi.
318 3402 427 3457 milium
446 3401 485 3455 H.
509 3399 591 3454 milia
608 3406 654 3458 cet.
701 3407 735 3455 22
754 3400 900 3457 hominum
917 3400 1018 3455 robore
1038 3401 1066 3456 0.

55 3489 257 3544 praeponerem
268 3495 298 3528 ω.
317 3476 516 3545 postponerem
524 3472 553 3526 0.
572 3488 759 3542 proponerem
768 3474 808 3529 H.
841 3480 882 3527 ‘ab
893 3470 1089 3526 samsom&

55 3561 172 3614 pergere
187 3561 236 3600 om.
248 3546 322 3601 oaH,
361 3551 395 3601 24
408 3545 602 3619 perspicerem
613 3543 825 3618 negotiumfl.
835 3544 930 3597 rhairto
935 3530 1114 3605 tumeam

98 3641 186 3681 Ivarus
202 3643 336 3687 Vnaaams.
918 3631 967 3680 ΝΑ
