<?xml version="1.0" encoding="UTF-8"?>
<!DOCTYPE html PUBLIC "-//W3C//DTD XHTML 1.0 Transitional//EN"
    "http://www.w3.org/TR/xhtml1/DTD/xhtml1-transitional.dtd">
<html xmlns="http://www.w3.org/1999/xhtml" xml:lang="en" lang="en">
 <head>
  <title>
</title>
<meta http-equiv="Content-Type" content="text/html;charset=utf-8" />
  <meta name='ocr-system' content='tesseract 3.04.00' />
  <meta name='ocr-capabilities' content='ocr_page ocr_carea ocr_par ocr_line ocrx_word'/>
</head>
<body>
  <div class='ocr_page' id='page_1' title='image "./iulivalerialexa00valegoog_0035.png"; bbox 0 0 2414 3826; ppageno 0'>
   <div class='ocr_carea' id='block_1_1' title="bbox 103 103 716 211">
    <p class='ocr_par' dir='ltr' id='par_1_1' title="bbox 103 103 716 211">
     <span class='ocr_line' id='line_1_1' title="bbox 103 103 716 211; baseline -0.003 0"><span class='ocrx_word' id='word_1_1' title='bbox 103 156 180 211; x_wconf 89' lang='lat' dir='ltr'>XXX</span> <span class='ocrx_word' id='word_1_2' title='bbox 365 103 370 115; x_wconf 32' lang='grc' dir='ltr'>Ι</span> <span class='ocrx_word' id='word_1_3' title='bbox 500 153 716 209; x_wconf 79' lang='lat' dir='ltr'><strong>PRAEFATIO.</strong></span> 
     </span>
    </p>
   </div>
   <div class='ocr_carea' id='block_1_2' title="bbox 103 315 1119 1552">
    <p class='ocr_par' dir='ltr' id='par_1_2' title="bbox 103 315 1119 1552">
     <span class='ocr_line' id='line_1_2' title="bbox 106 315 1119 401; baseline 0 -18"><span class='ocrx_word' id='word_1_4' title='bbox 106 319 191 384; x_wconf 89' lang='lat' dir='ltr'>haud</span> <span class='ocrx_word' id='word_1_5' title='bbox 221 341 294 383; x_wconf 89' lang='lat' dir='ltr'>raro</span> <span class='ocrx_word' id='word_1_6' title='bbox 323 341 342 383; x_wconf 97' lang='lat' dir='ltr'>a</span> <span class='ocrx_word' id='word_1_7' title='bbox 371 318 485 383; x_wconf 86' lang='lat' dir='ltr'>ceteris</span> <span class='ocrx_word' id='word_1_8' title='bbox 508 317 601 380; x_wconf 91' lang='lat' dir='ltr'>libris</span> <span class='ocrx_word' id='word_1_9' title='bbox 624 315 853 399; x_wconf 79' lang='lat' dir='ltr'><strong>manuscriptis</strong></span> <span class='ocrx_word' id='word_1_10' title='bbox 877 316 1053 401; x_wconf 76' lang='lat' dir='ltr'>discrepat,</span> <span class='ocrx_word' id='word_1_11' title='bbox 1081 324 1119 383; x_wconf 90' lang='lat' dir='ltr'>ut</span> 
     </span>
     <span class='ocr_line' id='line_1_3' title="bbox 106 403 1117 491; baseline 0 -20"><span class='ocrx_word' id='word_1_12' title='bbox 106 430 144 471; x_wconf 89' lang='lat' dir='ltr'>ex</span> <span class='ocrx_word' id='word_1_13' title='bbox 168 407 232 472; x_wconf 87' lang='lat' dir='ltr'>alio</span> <span class='ocrx_word' id='word_1_14' title='bbox 252 407 343 472; x_wconf 88' lang='lat' dir='ltr'>fonte</span> <span class='ocrx_word' id='word_1_15' title='bbox 368 410 464 491; x_wconf 91' lang='lat' dir='ltr'>atque</span> <span class='ocrx_word' id='word_1_16' title='bbox 487 406 538 469; x_wconf 91' lang='lat' dir='ltr'>illi</span> <span class='ocrx_word' id='word_1_17' title='bbox 557 405 686 468; x_wconf 87' lang='lat' dir='ltr'>fluxisse</span> <span class='ocrx_word' id='word_1_18' title='bbox 704 403 860 470; x_wconf 86' lang='lat' dir='ltr'>videatur.</span> <span class='ocrx_word' id='word_1_19' title='bbox 896 403 1010 489; x_wconf 85' lang='lat' dir='ltr'>Neque</span> <span class='ocrx_word' id='word_1_20' title='bbox 1030 407 1117 472; x_wconf 88' lang='lat' dir='ltr'>enim</span> 
     </span>
     <span class='ocr_line' id='line_1_4' title="bbox 104 492 1117 578; baseline 0 -18"><span class='ocrx_word' id='word_1_21' title='bbox 104 496 258 560; x_wconf 88' lang='lat' dir='ltr'>lectiones</span> <span class='ocrx_word' id='word_1_22' title='bbox 287 497 356 560; x_wconf 88' lang='lat' dir='ltr'>eius</span> <span class='ocrx_word' id='word_1_23' title='bbox 385 493 628 578; x_wconf 86' lang='lat' dir='ltr'>interpolatoris</span> <span class='ocrx_word' id='word_1_24' title='bbox 654 514 787 557; x_wconf 88' lang='lat' dir='ltr'>manum</span> <span class='ocrx_word' id='word_1_25' title='bbox 811 493 909 559; x_wconf 89' lang='lat' dir='ltr'>olent.</span> <span class='ocrx_word' id='word_1_26' title='bbox 956 492 1018 558; x_wconf 86' lang='lat' dir='ltr'>Sed</span> <span class='ocrx_word' id='word_1_27' title='bbox 1043 517 1117 560; x_wconf 90' lang='lat' dir='ltr'>cum</span> 
     </span>
     <span class='ocr_line' id='line_1_5' title="bbox 105 583 1117 669; baseline 0.001 -21"><span class='ocrx_word' id='word_1_28' title='bbox 105 584 202 668; x_wconf 91' lang='lat' dir='ltr'>liber,</span> <span class='ocrx_word' id='word_1_29' title='bbox 232 607 271 648; x_wconf 89' lang='lat' dir='ltr'>ex</span> <span class='ocrx_word' id='word_1_30' title='bbox 300 606 362 668; x_wconf 92' lang='lat' dir='ltr'>quo</span> <span class='ocrx_word' id='word_1_31' title='bbox 393 583 625 666; x_wconf 90' lang='lat' dir='ltr'>transscriptus</span> <span class='ocrx_word' id='word_1_32' title='bbox 654 584 717 665; x_wconf 88' lang='lat' dir='ltr'>est,</span> <span class='ocrx_word' id='word_1_33' title='bbox 746 602 849 665; x_wconf 90' lang='lat' dir='ltr'>neque</span> <span class='ocrx_word' id='word_1_34' title='bbox 879 585 984 646; x_wconf 88' lang='lat' dir='ltr'>aetate</span> <span class='ocrx_word' id='word_1_35' title='bbox 1011 605 1117 669; x_wconf 90' lang='lat' dir='ltr'>neque</span> 
     </span>
     <span class='ocr_line' id='line_1_6' title="bbox 105 669 1117 757; baseline 0.001 -21"><span class='ocrx_word' id='word_1_36' title='bbox 105 673 213 738; x_wconf 88' lang='lat' dir='ltr'>indole</span> <span class='ocrx_word' id='word_1_37' title='bbox 246 673 460 757; x_wconf 87' lang='lat' dir='ltr'>archetypum</span> <span class='ocrx_word' id='word_1_38' title='bbox 494 694 519 735; x_wconf 83' lang='grc' dir='ltr'>ω</span> <span class='ocrx_word' id='word_1_39' title='bbox 553 674 685 754; x_wconf 91' lang='lat' dir='ltr'>aequet,</span> <span class='ocrx_word' id='word_1_40' title='bbox 717 669 786 753; x_wconf 89' lang='lat' dir='ltr'>ipse</span> <span class='ocrx_word' id='word_1_41' title='bbox 820 692 946 756; x_wconf 87' lang='lat' dir='ltr'>quoque</span> <span class='ocrx_word' id='word_1_42' title='bbox 978 673 1117 738; x_wconf 90' lang='lat' dir='ltr'>minoris</span> 
     </span>
     <span class='ocr_line' id='line_1_7' title="bbox 105 757 1115 845; baseline 0 -19"><span class='ocrx_word' id='word_1_43' title='bbox 105 761 273 826; x_wconf 90' lang='lat' dir='ltr'>habendus</span> <span class='ocrx_word' id='word_1_44' title='bbox 294 764 352 844; x_wconf 86' lang='lat' dir='ltr'>est,</span> <span class='ocrx_word' id='word_1_45' title='bbox 374 782 470 845; x_wconf 90' lang='lat' dir='ltr'>quam</span> <span class='ocrx_word' id='word_1_46' title='bbox 490 760 614 824; x_wconf 76' lang='lat' dir='ltr'>codices</span> <span class='ocrx_word' id='word_1_47' title='bbox 633 758 672 841; x_wconf 89' lang='lat' dir='ltr'>L,</span> <span class='ocrx_word' id='word_1_48' title='bbox 690 759 733 842; x_wconf 91' lang='lat' dir='ltr'>B,</span> <span class='ocrx_word' id='word_1_49' title='bbox 751 757 791 843; x_wconf 72' lang='lat' dir='ltr'>d,</span> <span class='ocrx_word' id='word_1_50' title='bbox 809 760 857 823; x_wconf 90' lang='lat' dir='ltr'>M.</span> <span class='ocrx_word' id='word_1_51' title='bbox 894 759 1115 827; x_wconf 89' lang='lat' dir='ltr'>Nihilominus</span> 
     </span>
     <span class='ocr_line' id='line_1_8' title="bbox 105 845 1117 933; baseline -0.001 -19"><span class='ocrx_word' id='word_1_52' title='bbox 105 871 142 914; x_wconf 91' lang='lat' dir='ltr'>eo</span> <span class='ocrx_word' id='word_1_53' title='bbox 167 871 262 933; x_wconf 86' lang='lat' dir='ltr'>saepe</span> <span class='ocrx_word' id='word_1_54' title='bbox 286 850 336 914; x_wconf 90' lang='lat' dir='ltr'>usi</span> <span class='ocrx_word' id='word_1_55' title='bbox 361 872 485 933; x_wconf 78' lang='lat' dir='ltr'>sumus,</span> <span class='ocrx_word' id='word_1_56' title='bbox 512 851 549 912; x_wconf 95' lang='lat' dir='ltr'>ut</span> <span class='ocrx_word' id='word_1_57' title='bbox 572 847 708 912; x_wconf 89' lang='lat' dir='ltr'>aliorum</span> <span class='ocrx_word' id='word_1_58' title='bbox 730 845 888 912; x_wconf 89' lang='lat' dir='ltr'>librorum</span> <span class='ocrx_word' id='word_1_59' title='bbox 913 849 1030 913; x_wconf 90' lang='lat' dir='ltr'>menda</span> <span class='ocrx_word' id='word_1_60' title='bbox 1053 852 1117 914; x_wconf 82' lang='lat' dir='ltr'>tol-</span> 
     </span>
     <span class='ocr_line' id='line_1_9' title="bbox 104 933 1116 1022; baseline 0 -20"><span class='ocrx_word' id='word_1_61' title='bbox 104 940 258 1022; x_wconf 81' lang='lat' dir='ltr'>leremus,</span> <span class='ocrx_word' id='word_1_62' title='bbox 288 938 421 1003; x_wconf 90' lang='lat' dir='ltr'>lacunas</span> <span class='ocrx_word' id='word_1_63' title='bbox 452 937 663 1022; x_wconf 80' lang='lat' dir='ltr'>explanemus.</span> <span class='ocrx_word' id='word_1_64' title='bbox 714 933 822 1000; x_wconf 77' lang='lat' dir='ltr'>(lodex</span> <span class='ocrx_word' id='word_1_65' title='bbox 850 936 894 1021; x_wconf 91' lang='lat' dir='ltr'>P,</span> <span class='ocrx_word' id='word_1_66' title='bbox 924 937 953 1001; x_wconf 88' lang='lat' dir='ltr'>si</span> <span class='ocrx_word' id='word_1_67' title='bbox 981 959 1046 1002; x_wconf 92' lang='lat' dir='ltr'>non</span> <span class='ocrx_word' id='word_1_68' title='bbox 1076 960 1116 1002; x_wconf 90' lang='lat' dir='ltr'>ex</span> 
     </span>
     <span class='ocr_line' id='line_1_10' title="bbox 104 1025 1117 1111; baseline 0.002 -21"><span class='ocrx_word' id='word_1_69' title='bbox 104 1027 176 1111; x_wconf 86' lang='lat' dir='ltr'>ipso</span> <span class='ocrx_word' id='word_1_70' title='bbox 202 1027 310 1092; x_wconf 86' lang='lat' dir='ltr'>codice</span> <span class='ocrx_word' id='word_1_71' title='bbox 331 1026 363 1110; x_wconf 81' lang='lat'>0,</span> <span class='ocrx_word' id='word_1_72' title='bbox 387 1049 459 1091; x_wconf 88' lang='lat' dir='ltr'>cum</span> <span class='ocrx_word' id='word_1_73' title='bbox 484 1048 547 1110; x_wconf 93' lang='lat' dir='ltr'>quo</span> <span class='ocrx_word' id='word_1_74' title='bbox 566 1025 755 1109; x_wconf 89' lang='lat' dir='ltr'>plerumque</span> <span class='ocrx_word' id='word_1_75' title='bbox 778 1026 946 1109; x_wconf 90' lang='lat' dir='ltr'>consentit,</span> <span class='ocrx_word' id='word_1_76' title='bbox 969 1030 1117 1092; x_wconf 88' lang='lat' dir='ltr'>attamen</span> 
     </span>
     <span class='ocr_line' id='line_1_11' title="bbox 106 1111 1116 1200; baseline 0.001 -21"><span class='ocrx_word' id='word_1_77' title='bbox 106 1137 144 1179; x_wconf 92' lang='lat' dir='ltr'>ex</span> <span class='ocrx_word' id='word_1_78' title='bbox 168 1116 236 1181; x_wconf 88' lang='lat' dir='ltr'>eius</span> <span class='ocrx_word' id='word_1_79' title='bbox 256 1117 432 1200; x_wconf 82' lang='lat' dir='ltr'>archetypo</span> <span class='ocrx_word' id='word_1_80' title='bbox 456 1115 506 1180; x_wconf 85' lang='lat' dir='ltr'>vel</span> <span class='ocrx_word' id='word_1_81' title='bbox 530 1134 568 1176; x_wconf 90' lang='lat' dir='ltr'>ex</span> <span class='ocrx_word' id='word_1_82' title='bbox 586 1112 669 1182; x_wconf 87' lang='lat' dir='ltr'>libro</span> <span class='ocrx_word' id='word_1_83' title='bbox 694 1111 732 1176; x_wconf 88' lang='lat' dir='ltr'>de</span> <span class='ocrx_word' id='word_1_84' title='bbox 750 1112 812 1178; x_wconf 89' lang='lat' dir='ltr'>hoo</span> <span class='ocrx_word' id='word_1_85' title='bbox 829 1114 989 1196; x_wconf 80' lang='lat' dir='ltr'>pendente</span> <span class='ocrx_word' id='word_1_86' title='bbox 1008 1118 1116 1180; x_wconf 89' lang='lat' dir='ltr'>trans-</span> 
     </span>
     <span class='ocr_line' id='line_1_12' title="bbox 106 1200 1115 1288; baseline 0 -20"><span class='ocrx_word' id='word_1_87' title='bbox 106 1205 244 1288; x_wconf 88' lang='lat' dir='ltr'>scriptus</span> <span class='ocrx_word' id='word_1_88' title='bbox 266 1207 325 1287; x_wconf 88' lang='lat' dir='ltr'>est;</span> <span class='ocrx_word' id='word_1_89' title='bbox 350 1203 545 1287; x_wconf 75' lang='lat' dir='ltr'>aliquotiens</span> <span class='ocrx_word' id='word_1_90' title='bbox 563 1200 713 1265; x_wconf 89' lang='lat' dir='ltr'>librarius</span> <span class='ocrx_word' id='word_1_91' title='bbox 737 1201 855 1267; x_wconf 88' lang='lat' dir='ltr'>codicis</span> <span class='ocrx_word' id='word_1_92' title='bbox 878 1202 965 1266; x_wconf 86' lang='lat' dir='ltr'>illius</span> <span class='ocrx_word' id='word_1_93' title='bbox 990 1225 1048 1268; x_wconf 92' lang='lat' dir='ltr'>suo</span> <span class='ocrx_word' id='word_1_94' title='bbox 1067 1205 1115 1268; x_wconf 92' lang='lat' dir='ltr'>in·</span> 
     </span>
     <span class='ocr_line' id='line_1_13' title="bbox 103 1291 1115 1376; baseline 0 -20"><span class='ocrx_word' id='word_1_95' title='bbox 103 1293 198 1376; x_wconf 83' lang='lat' dir='ltr'>genio</span> <span class='ocrx_word' id='word_1_96' title='bbox 221 1292 324 1357; x_wconf 88' lang='lat' dir='ltr'>fretus</span> <span class='ocrx_word' id='word_1_97' title='bbox 352 1291 525 1356; x_wconf 87' lang='lat' dir='ltr'>lectionem</span> <span class='ocrx_word' id='word_1_98' title='bbox 548 1292 732 1372; x_wconf 78' lang='lat' dir='ltr'>corruptam</span> <span class='ocrx_word' id='word_1_99' title='bbox 759 1312 873 1355; x_wconf 88' lang='lat' dir='ltr'>sanare</span> <span class='ocrx_word' id='word_1_100' title='bbox 897 1296 1030 1357; x_wconf 88' lang='lat' dir='ltr'>conatus</span> <span class='ocrx_word' id='word_1_101' title='bbox 1055 1297 1115 1358; x_wconf 87' lang='lat' dir='ltr'>est.</span> 
     </span>
     <span class='ocr_line' id='line_1_14' title="bbox 104 1379 1115 1448; baseline 0.002 -3"><span class='ocrx_word' id='word_1_102' title='bbox 104 1380 210 1445; x_wconf 90' lang='lat' dir='ltr'>Huius</span> <span class='ocrx_word' id='word_1_103' title='bbox 230 1381 384 1445; x_wconf 86' lang='lat' dir='ltr'>lectiones</span> <span class='ocrx_word' id='word_1_104' title='bbox 408 1380 472 1444; x_wconf 89' lang='lat' dir='ltr'>nisi</span> <span class='ocrx_word' id='word_1_105' title='bbox 496 1379 537 1444; x_wconf 91' lang='lat' dir='ltr'>ad</span> <span class='ocrx_word' id='word_1_106' title='bbox 560 1381 684 1442; x_wconf 91' lang='lat' dir='ltr'>textum</span> <span class='ocrx_word' id='word_1_107' title='bbox 708 1379 941 1444; x_wconf 90' lang='lat' dir='ltr'>emendandum</span> <span class='ocrx_word' id='word_1_108' title='bbox 965 1381 1017 1444; x_wconf 88' lang='lat' dir='ltr'>vel</span> <span class='ocrx_word' id='word_1_109' title='bbox 1041 1403 1115 1448; x_wconf 91' lang='lat' dir='ltr'>con-</span> 
     </span>
     <span class='ocr_line' id='line_1_15' title="bbox 104 1466 1070 1552; baseline 0.006 -20"><span class='ocrx_word' id='word_1_110' title='bbox 104 1469 301 1533; x_wconf 87' lang='lat' dir='ltr'>stituendnm</span> <span class='ocrx_word' id='word_1_111' title='bbox 326 1468 449 1551; x_wconf 88' lang='lat' dir='ltr'>aliquid</span> <span class='ocrx_word' id='word_1_112' title='bbox 472 1468 577 1533; x_wconf 87' lang='lat' dir='ltr'>facere</span> <span class='ocrx_word' id='word_1_113' title='bbox 601 1466 795 1552; x_wconf 88' lang='lat' dir='ltr'>viderentur,</span> <span class='ocrx_word' id='word_1_114' title='bbox 817 1490 881 1532; x_wconf 92' lang='lat' dir='ltr'>non</span> <span class='ocrx_word' id='word_1_115' title='bbox 906 1468 1070 1538; x_wconf 81' lang='lat' dir='ltr'>adnotavi.</span> 
     </span>
    </p>
   </div>
   <div class='ocr_carea' id='block_1_3' title="bbox 102 1636 1115 1837">
    <p class='ocr_par' dir='ltr' id='par_1_3' title="bbox 102 1636 1115 1837">
     <span class='ocr_line' id='line_1_16' title="bbox 192 1636 1115 1748; baseline 0.004 -20"><span class='ocrx_word' id='word_1_116' title='bbox 192 1663 362 1729; x_wconf 82' lang='lat' dir='ltr'>IldItiones</span> <span class='ocrx_word' id='word_1_117' title='bbox 386 1663 544 1748; x_wconf 89' lang='lat' dir='ltr'>epistolae</span> <span class='ocrx_word' id='word_1_118' title='bbox 567 1665 609 1728; x_wconf 91' lang='lat' dir='ltr'>ab</span> <span class='ocrx_word' id='word_1_119' title='bbox 629 1663 814 1728; x_wconf 88' lang='lat' dir='ltr'>Alexandro</span> <span class='ocrx_word' id='word_1_120' title='bbox 838 1663 880 1727; x_wconf 91' lang='lat' dir='ltr'>ad</span> <span class='ocrx_word' id='word_1_121' title='bbox 900 1636 1115 1732; x_wconf 85' lang='lat' dir='ltr'>Aristotelem</span> 
     </span>
     <span class='ocr_line' id='line_1_17' title="bbox 102 1751 679 1837; baseline 0 -22"><span class='ocrx_word' id='word_1_122' title='bbox 102 1751 347 1837; x_wconf 80' lang='lat' dir='ltr'>scriptaamihi</span> <span class='ocrx_word' id='word_1_123' title='bbox 368 1752 583 1817; x_wconf 89' lang='lat' dir='ltr'>innotuerunt</span> <span class='ocrx_word' id='word_1_124' title='bbox 605 1752 679 1816; x_wconf 90' lang='lat' dir='ltr'>hae:</span> 
     </span>
    </p>
   </div>
   <div class='ocr_carea' id='block_1_4' title="bbox 98 1874 1115 3377">
    <p class='ocr_par' dir='ltr' id='par_1_4' title="bbox 192 1874 515 1959">
     <span class='ocr_line' id='line_1_18' title="bbox 192 1874 515 1959; baseline 0.006 -19"><span class='ocrx_word' id='word_1_125' title='bbox 192 1875 225 1959; x_wconf 87' lang='lat'>1)</span> <span class='ocrx_word' id='word_1_126' title='bbox 250 1874 394 1941; x_wconf 87' lang='lat' dir='ltr'>Venetiis</span> <span class='ocrx_word' id='word_1_127' title='bbox 420 1876 515 1942; x_wconf 90' lang='grc'><strong>1499.</strong></span> 
     </span>
    </p>

    <p class='ocr_par' dir='ltr' id='par_1_5' title="bbox 102 1961 1114 2138">
     <span class='ocr_line' id='line_1_19' title="bbox 189 1961 1114 2051; baseline 0 -20"><span class='ocrx_word' id='word_1_128' title='bbox 189 1961 225 2051; x_wconf 81' lang='grc'>2)</span> <span class='ocrx_word' id='word_1_129' title='bbox 250 1964 360 2029; x_wconf 82' lang='lat' dir='ltr'>Editio</span> <span class='ocrx_word' id='word_1_130' title='bbox 384 1963 582 2029; x_wconf 86' lang='lat' dir='ltr'>Basileensis</span> <span class='ocrx_word' id='word_1_131' title='bbox 602 1963 707 2029; x_wconf 79' lang='lat' dir='ltr'>Curtii</span> <span class='ocrx_word' id='word_1_132' title='bbox 726 1964 800 2028; x_wconf 83' lang='lat' dir='ltr'>Rufi</span> <span class='ocrx_word' id='word_1_133' title='bbox 823 1963 979 2029; x_wconf 88' lang='lat' dir='ltr'>historiae</span> <span class='ocrx_word' id='word_1_134' title='bbox 1003 1966 1114 2031; x_wconf 84' lang='lat' dir='ltr'>addita</span> 
     </span>
     <span class='ocr_line' id='line_1_20' title="bbox 102 2052 696 2138; baseline -0.003 -20"><span class='ocrx_word' id='word_1_135' title='bbox 102 2054 187 2138; x_wconf 88' lang='lat' dir='ltr'>apud</span> <span class='ocrx_word' id='word_1_136' title='bbox 210 2053 410 2118; x_wconf 88' lang='lat' dir='ltr'>chriehum</span> <span class='ocrx_word' id='word_1_137' title='bbox 434 2053 523 2118; x_wconf 87' lang='lat' dir='ltr'>Petri</span> <span class='ocrx_word' id='word_1_138' title='bbox 546 2052 696 2117; x_wconf 90' lang='lat' dir='ltr'>MDLVI.</span> 
     </span>
    </p>

    <p class='ocr_par' dir='ltr' id='par_1_6' title="bbox 101 2139 1112 2314">
     <span class='ocr_line' id='line_1_21' title="bbox 190 2139 1112 2229; baseline 0.001 -21"><span class='ocrx_word' id='word_1_139' title='bbox 190 2139 225 2229; x_wconf 81' lang='lat'>3)</span> <span class='ocrx_word' id='word_1_140' title='bbox 249 2142 399 2227; x_wconf 84' lang='lat' dir='ltr'>Lugduni</span> <span class='ocrx_word' id='word_1_141' title='bbox 411 2141 611 2207; x_wconf 86' lang='lat' dir='ltr'>Batavorum</span> <span class='ocrx_word' id='word_1_142' title='bbox 624 2139 838 2223; x_wconf 90' lang='lat' dir='ltr'>MDLXXIII,</span> <span class='ocrx_word' id='word_1_143' title='bbox 852 2143 1024 2207; x_wconf 83' lang='lat' dir='ltr'>coniuncta</span> <span class='ocrx_word' id='word_1_144' title='bbox 1039 2166 1112 2209; x_wconf 91' lang='lat' dir='ltr'>cum</span> 
     </span>
     <span class='ocr_line' id='line_1_22' title="bbox 101 2229 876 2314; baseline 0.001 -20"><span class='ocrx_word' id='word_1_145' title='bbox 101 2229 212 2295; x_wconf 77' lang='lat' dir='ltr'>Curtio</span> <span class='ocrx_word' id='word_1_146' title='bbox 236 2230 320 2294; x_wconf 83' lang='lat' dir='ltr'>Rufo</span> <span class='ocrx_word' id='word_1_147' title='bbox 345 2230 429 2294; x_wconf 85' lang='lat' dir='ltr'>edito</span> <span class='ocrx_word' id='word_1_148' title='bbox 454 2253 473 2294; x_wconf 91' lang='lat' dir='ltr'>a</span> <span class='ocrx_word' id='word_1_149' title='bbox 497 2229 732 2314; x_wconf 78' lang='lat' dir='ltr'>Christophoro</span> <span class='ocrx_word' id='word_1_150' title='bbox 756 2229 876 2295; x_wconf 91' lang='lat' dir='ltr'>Bruuo.</span> 
     </span>
    </p>

    <p class='ocr_par' dir='ltr' id='par_1_7' title="bbox 98 2315 1113 2756">
     <span class='ocr_line' id='line_1_23' title="bbox 189 2315 1113 2404; baseline 0.005 -22"><span class='ocrx_word' id='word_1_151' title='bbox 189 2315 225 2404; x_wconf 87' lang='grc'>4)</span> <span class='ocrx_word' id='word_1_152' title='bbox 249 2317 424 2382; x_wconf 84' lang='lat' dir='ltr'>Alexandri</span> <span class='ocrx_word' id='word_1_153' title='bbox 455 2317 566 2400; x_wconf 81' lang='lat' dir='ltr'>Magni</span> <span class='ocrx_word' id='word_1_154' title='bbox 600 2319 739 2402; x_wconf 88' lang='lat' dir='ltr'>epistola</span> <span class='ocrx_word' id='word_1_155' title='bbox 771 2318 809 2381; x_wconf 90' lang='lat' dir='ltr'>de</span> <span class='ocrx_word' id='word_1_156' title='bbox 842 2319 906 2382; x_wconf 90' lang='lat' dir='ltr'>situ</span> <span class='ocrx_word' id='word_1_157' title='bbox 936 2318 1048 2384; x_wconf 90' lang='lat' dir='ltr'>Indiae</span> <span class='ocrx_word' id='word_1_158' title='bbox 1080 2327 1113 2387; x_wconf 90' lang='lat' dir='ltr'>et</span> 
     </span>
     <span class='ocr_line' id='line_1_24' title="bbox 100 2405 1110 2491; baseline 0.005 -21"><span class='ocrx_word' id='word_1_159' title='bbox 100 2406 254 2470; x_wconf 92' lang='lat' dir='ltr'>itinerum</span> <span class='ocrx_word' id='word_1_160' title='bbox 277 2407 311 2470; x_wconf 93' lang='lat' dir='ltr'>in</span> <span class='ocrx_word' id='word_1_161' title='bbox 335 2427 372 2470; x_wconf 86' lang='lat' dir='ltr'>ea</span> <span class='ocrx_word' id='word_1_162' title='bbox 395 2407 550 2471; x_wconf 84' lang='lat' dir='ltr'>vastitate</span> <span class='ocrx_word' id='word_1_163' title='bbox 575 2405 614 2471; x_wconf 89' lang='lat' dir='ltr'>ad</span> <span class='ocrx_word' id='word_1_164' title='bbox 634 2407 844 2472; x_wconf 85' lang='lat' dir='ltr'>Aristotelem</span> <span class='ocrx_word' id='word_1_165' title='bbox 867 2412 1110 2491; x_wconf 87' lang='lat' dir='ltr'>praeceptorem</span> 
     </span>
     <span class='ocr_line' id='line_1_25' title="bbox 99 2493 1112 2652; baseline 0.003 -4"><span class='ocrx_word' id='word_1_166' title='bbox 99 2517 195 2648; x_wconf 60' lang='lat' dir='ltr'>iulii</span> <span class='ocrx_word' id='word_1_167' title='bbox 218 2493 1112 2652; x_wconf 58' lang='lat' dir='ltr'>ltzt‘lt...zullttlttlt..tlt⁰ldssplll.</span> 
     </span>
     <span class='ocr_line' id='line_1_26' title="bbox 98 2671 1111 2756; baseline 0.006 -20"><span class='ocrx_word' id='word_1_168' title='bbox 98 2673 174 2736; x_wconf 86' lang='lat' dir='ltr'>inde</span> <span class='ocrx_word' id='word_1_169' title='bbox 192 2672 400 2756; x_wconf 88' lang='lat' dir='ltr'>inspersit...</span> <span class='ocrx_word' id='word_1_170' title='bbox 429 2673 576 2737; x_wconf 88' lang='lat' dir='ltr'>Andreas</span> <span class='ocrx_word' id='word_1_171' title='bbox 594 2671 760 2737; x_wconf 89' lang='lat' dir='ltr'>Paulini.</span> <span class='ocrx_word' id='word_1_172' title='bbox 789 2672 925 2737; x_wconf 83' lang='lat' dir='ltr'>Gissae</span> <span class='ocrx_word' id='word_1_173' title='bbox 947 2674 1042 2740; x_wconf 76' lang='lat'>1706.</span> <span class='ocrx_word' id='word_1_174' title='bbox 1067 2675 1111 2742; x_wconf 88' lang='lat'>8⁰.</span> 
     </span>
    </p>

    <p class='ocr_par' dir='ltr' id='par_1_8' title="bbox 98 2759 1115 3377">
     <span class='ocr_line' id='line_1_27' title="bbox 189 2759 1112 2850; baseline 0.002 -24"><span class='ocrx_word' id='word_1_175' title='bbox 189 2759 225 2846; x_wconf 85' lang='lat'>5)</span> <span class='ocrx_word' id='word_1_176' title='bbox 248 2761 518 2826; x_wconf 87' lang='lat' dir='ltr'>Narratiunculae</span> <span class='ocrx_word' id='word_1_177' title='bbox 543 2759 668 2847; x_wconf 85' lang='lat' dir='ltr'>anglice</span> <span class='ocrx_word' id='word_1_178' title='bbox 693 2762 907 2846; x_wconf 86' lang='lat' dir='ltr'>conscriptae,</span> <span class='ocrx_word' id='word_1_179' title='bbox 937 2763 975 2826; x_wconf 88' lang='lat' dir='ltr'>de</span> <span class='ocrx_word' id='word_1_180' title='bbox 998 2786 1112 2850; x_wconf 79' lang='lat' dir='ltr'>perga-</span> 
     </span>
     <span class='ocr_line' id='line_1_28' title="bbox 99 2849 1110 2936; baseline 0.005 -23"><span class='ocrx_word' id='word_1_181' title='bbox 99 2849 202 2914; x_wconf 91' lang='lat' dir='ltr'>menis</span> <span class='ocrx_word' id='word_1_182' title='bbox 227 2850 443 2934; x_wconf 81' lang='lat' dir='ltr'>exscribebat,</span> <span class='ocrx_word' id='word_1_183' title='bbox 472 2851 560 2914; x_wconf 89' lang='lat' dir='ltr'>notis</span> <span class='ocrx_word' id='word_1_184' title='bbox 588 2849 788 2933; x_wconf 85' lang='lat' dir='ltr'>illustrabat,</span> <span class='ocrx_word' id='word_1_185' title='bbox 817 2850 952 2915; x_wconf 87' lang='lat' dir='ltr'>eruditis</span> <span class='ocrx_word' id='word_1_186' title='bbox 981 2854 1110 2936; x_wconf 88' lang='lat' dir='ltr'>copiam</span> 
     </span>
     <span class='ocr_line' id='line_1_29' title="bbox 98 2937 1111 3021; baseline 0.006 -20"><span class='ocrx_word' id='word_1_187' title='bbox 98 2939 239 3003; x_wconf 85' lang='lat' dir='ltr'>faciebat</span> <span class='ocrx_word' id='word_1_188' title='bbox 275 2937 309 3002; x_wconf 87' lang='grc' dir='ltr'>Τ.</span> <span class='ocrx_word' id='word_1_189' title='bbox 348 2937 514 3003; x_wconf 88' lang='lat' dir='ltr'>Oswaldus</span> <span class='ocrx_word' id='word_1_190' title='bbox 551 2937 772 3021; x_wconf 84' lang='lat' dir='ltr'>Cockayne,</span> <span class='ocrx_word' id='word_1_191' title='bbox 813 2937 856 3003; x_wconf 91' lang='lat' dir='ltr'>M.</span> <span class='ocrx_word' id='word_1_192' title='bbox 895 2940 934 3004; x_wconf 89' lang='lat' dir='ltr'>A.</span> <span class='ocrx_word' id='word_1_193' title='bbox 971 2937 1111 3007; x_wconf 84' lang='lat' dir='ltr'>Cantab.</span> 
     </span>
     <span class='ocr_line' id='line_1_30' title="bbox 98 3023 1109 3110; baseline 0.005 -20"><span class='ocrx_word' id='word_1_194' title='bbox 98 3026 256 3092; x_wconf 90' lang='lat' dir='ltr'>London</span> <span class='ocrx_word' id='word_1_195' title='bbox 289 3028 382 3091; x_wconf 83' lang='lat'>1861.</span> <span class='ocrx_word' id='word_1_196' title='bbox 416 3023 459 3092; x_wconf 88' lang='lat'>8⁰.</span> <span class='ocrx_word' id='word_1_197' title='bbox 510 3027 549 3090; x_wconf 93' lang='lat' dir='ltr'>In</span> <span class='ocrx_word' id='word_1_198' title='bbox 579 3027 707 3110; x_wconf 82' lang='lat' dir='ltr'>paginis</span> <span class='ocrx_word' id='word_1_199' title='bbox 738 3027 873 3092; x_wconf 81' lang='lat'>51-62</span> <span class='ocrx_word' id='word_1_200' title='bbox 903 3027 999 3092; x_wconf 91' lang='lat' dir='ltr'>huius</span> <span class='ocrx_word' id='word_1_201' title='bbox 1032 3030 1109 3095; x_wconf 93' lang='lat' dir='ltr'>libri</span> 
     </span>
     <span class='ocr_line' id='line_1_31' title="bbox 98 3115 1110 3201; baseline 0.005 -23"><span class='ocrx_word' id='word_1_202' title='bbox 98 3116 218 3201; x_wconf 81' lang='lat' dir='ltr'>legItur</span> <span class='ocrx_word' id='word_1_203' title='bbox 232 3115 387 3200; x_wconf 81' lang='lat' dir='ltr'>Epistola</span> <span class='ocrx_word' id='word_1_204' title='bbox 406 3115 581 3179; x_wconf 84' lang='lat' dir='ltr'>Alexandri</span> <span class='ocrx_word' id='word_1_205' title='bbox 606 3115 693 3180; x_wconf 87' lang='lat' dir='ltr'>edita</span> <span class='ocrx_word' id='word_1_206' title='bbox 717 3137 755 3179; x_wconf 93' lang='lat' dir='ltr'>ex</span> <span class='ocrx_word' id='word_1_207' title='bbox 778 3116 885 3180; x_wconf 88' lang='lat' dir='ltr'>codice</span> <span class='ocrx_word' id='word_1_208' title='bbox 909 3115 1014 3181; x_wconf 86' lang='lat' dir='ltr'>Musei</span> <span class='ocrx_word' id='word_1_209' title='bbox 1038 3118 1110 3183; x_wconf 91' lang='lat' dir='ltr'>Bri·</span> 
     </span>
     <span class='ocr_line' id='line_1_32' title="bbox 98 3202 1115 3289; baseline 0.003 -20"><span class='ocrx_word' id='word_1_210' title='bbox 98 3204 221 3269; x_wconf 90' lang='lat' dir='ltr'>tannici</span> <span class='ocrx_word' id='word_1_211' title='bbox 245 3202 329 3269; x_wconf 80' lang='lat' dir='ltr'>Cott.</span> <span class='ocrx_word' id='word_1_212' title='bbox 353 3202 440 3268; x_wconf 89' lang='lat' dir='ltr'>Nero</span> <span class='ocrx_word' id='word_1_213' title='bbox 465 3203 503 3267; x_wconf 90' lang='lat' dir='ltr'>D.</span> <span class='ocrx_word' id='word_1_214' title='bbox 524 3202 620 3289; x_wconf 91' lang='lat' dir='ltr'>VIII,</span> <span class='ocrx_word' id='word_1_215' title='bbox 644 3205 699 3288; x_wconf 92' lang='lat' dir='ltr'>qui</span> <span class='ocrx_word' id='word_1_216' title='bbox 723 3225 761 3268; x_wconf 90' lang='lat' dir='ltr'>ex</span> <span class='ocrx_word' id='word_1_217' title='bbox 784 3204 892 3269; x_wconf 88' lang='lat' dir='ltr'>codice</span> <span class='ocrx_word' id='word_1_218' title='bbox 917 3227 935 3268; x_wconf 90' lang='lat' dir='ltr'>a</span> <span class='ocrx_word' id='word_1_219' title='bbox 959 3206 1055 3271; x_wconf 88' lang='lat' dir='ltr'>nobis</span> <span class='ocrx_word' id='word_1_220' title='bbox 1073 3207 1115 3271; x_wconf 93' lang='lat' dir='ltr'><em>H</em></span> 
     </span>
     <span class='ocr_line' id='line_1_33' title="bbox 99 3292 592 3377; baseline -0.002 -20"><span class='ocrx_word' id='word_1_221' title='bbox 99 3293 281 3377; x_wconf 83' lang='lat' dir='ltr'>significato</span> <span class='ocrx_word' id='word_1_222' title='bbox 305 3293 435 3357; x_wconf 89' lang='lat' dir='ltr'>fluxisse</span> <span class='ocrx_word' id='word_1_223' title='bbox 459 3292 592 3356; x_wconf 88' lang='lat' dir='ltr'>videtur.</span> 
     </span>
    </p>
   </div>
   <div class='ocr_carea' id='block_1_5' title="bbox 91 3415 1109 3590">
    <p class='ocr_par' dir='ltr' id='par_1_9' title="bbox 91 3415 1109 3590">
     <span class='ocr_line' id='line_1_34' title="bbox 186 3415 1109 3501; baseline 0.003 -22"><span class='ocrx_word' id='word_1_224' title='bbox 186 3415 312 3481; x_wconf 87' lang='lat' dir='ltr'>Harum</span> <span class='ocrx_word' id='word_1_225' title='bbox 336 3416 514 3481; x_wconf 89' lang='lat' dir='ltr'>editionum</span> <span class='ocrx_word' id='word_1_226' title='bbox 540 3437 620 3500; x_wconf 88' lang='lat' dir='ltr'>quas</span> <span class='ocrx_word' id='word_1_227' title='bbox 644 3415 783 3501; x_wconf 88' lang='lat' dir='ltr'>inspexi,</span> <span class='ocrx_word' id='word_1_228' title='bbox 807 3416 1014 3500; x_wconf 88' lang='lat' dir='ltr'>Basileensis,</span> <span class='ocrx_word' id='word_1_229' title='bbox 1038 3415 1109 3482; x_wconf 84' lang='lat' dir='ltr'>Gis·</span> 
     </span>
     <span class='ocr_line' id='line_1_35' title="bbox 91 3503 1106 3590; baseline 0.008 -27"><span class='ocrx_word' id='word_1_230' title='bbox 91 3503 203 3585; x_wconf 67' lang='lat' dir='ltr'>sensds,</span> <span class='ocrx_word' id='word_1_231' title='bbox 226 3503 449 3570; x_wconf 84' lang='lat' dir='ltr'>Londinensis</span> <span class='ocrx_word' id='word_1_232' title='bbox 472 3505 596 3571; x_wconf 90' lang='lat' dir='ltr'>nullius</span> <span class='ocrx_word' id='word_1_233' title='bbox 619 3504 687 3571; x_wconf 85' lang='lat' dir='ltr'>fere</span> <span class='ocrx_word' id='word_1_234' title='bbox 708 3506 808 3590; x_wconf 83' lang='lat' dir='ltr'>pretii</span> <span class='ocrx_word' id='word_1_235' title='bbox 829 3508 915 3570; x_wconf 84' lang='lat' dir='ltr'>sunt.</span> <span class='ocrx_word' id='word_1_236' title='bbox 959 3505 1012 3570; x_wconf 90' lang='lat' dir='ltr'>Ad</span> <span class='ocrx_word' id='word_1_237' title='bbox 1034 3527 1106 3571; x_wconf 91' lang='lat' dir='ltr'>con·</span> 
     </span>
    </p>
   </div>
   <div class='ocr_carea' id='block_1_6' title="bbox 0 0 1212 3826">
    <p class='ocr_par' dir='ltr' id='par_1_10' title="bbox 0 0 1212 3826">
     <span class='ocr_line' id='line_1_36' title="bbox 0 0 1212 3826; baseline 0 2"><span class='ocrx_word' id='word_1_238' title='bbox 0 0 1212 3826; x_wconf 95' lang='lat' dir='ltr'> </span> 
     </span>
    </p>
   </div>
  </div>
 </body>
</html>
