2414 3826
411 158 771 214 oarusnunnnunar.
1056 162 1114 249 19⁴

82 324 268 406 mittuntur,
286 343 327 386 ne
345 321 541 408 prodegeris,
559 322 615 399 fili,
633 344 693 386 nec
712 322 896 388 litterarum
910 323 1097 388 Aristotelis

82 411 122 476 de
149 415 183 475 te
205 410 420 493 praeverteris
447 411 679 476 testimonium.
724 411 822 476 Enim
850 411 938 496 frugi
965 417 997 476 te
1026 434 1097 478 esse

81 498 283 584 parcimonia
315 497 552 583 comprobato?
602 498 664 564 His
696 500 865 584 respondit
896 500 1096 567 Alexander:

81 586 256 672 ‘Equidem
276 588 449 652 missorum
474 609 494 652 a
516 586 619 672 vobis,
644 588 689 652 mi
707 592 869 674 parentes,
893 589 1024 654 modum
1042 611 1098 654 no-

80 677 170 743 mine
190 678 299 741 vestro
320 675 455 760 dignum
472 698 540 741 non
559 677 746 743 confitebor.
782 677 969 762 Expensam
988 682 1125 743 tamena

82 786 196 830 eorum
218 764 290 828 fieri
313 786 373 848 pro
397 765 592 829 necessitate
615 766 699 848 regii
722 767 864 831 nominis
885 767 998 833 fateor.
1034 767 1098 833 Ne·

82 875 146 938 que
169 874 246 918 vero
276 854 315 917 de
342 874 393 916 me
421 854 572 938 magistri
600 855 729 919 litterae
757 855 1001 939 claudicabunt3
1028 856 1097 921 eius

81 942 265 1026 praeceptis
291 963 359 1006 non
390 942 523 1026 dignum
551 964 571 1006 a
597 963 648 1005 me
676 942 815 1007 nihilum
845 944 915 1008 fieri
944 945 1098 1009 noscetis.

81 1030 181 1096 Enim
205 1051 263 1094 vos
292 1029 425 1094 mallem
452 1052 556 1115 neque
580 1031 734 1096 aduersus
757 1031 860 1097 istaec
884 1055 976 1097 aures
1002 1033 1097 1097 malis

85 1118 290 1184 sermonibus
323 1119 518 1184 reseravisse
549 1120 784 1204 veritatemque
816 1120 900 1186 hanc
932 1121 1095 1186 decentius
1111 1142 1137 1182 10

82 1208 281 1274 convertisse
304 1207 339 1271 in
362 1229 427 1292 eos,
450 1209 506 1293 qui
529 1208 560 1272 id
582 1208 686 1273 facere
711 1209 839 1293 audent,
862 1210 1022 1275 et-nostri
1045 1232 1096 1275 ou·

80 1319 154 1361 ram
176 1296 302 1381 regiam
326 1315 423 1378 agere
446 1318 506 1380 pro
530 1297 587 1362 illa
609 1297 760 1381 populari
783 1297 928 1363 malitis?

171 1384 209 1449 Id
223 1385 290 1449 iarn
307 1385 464 1469 temporis
479 1386 640 1450 decimum
655 1392 806 1469 quartum
820 1410 940 1452 annum
955 1387 1031 1452 Ale·
1061 1392 1147 1449 XVII.

79 1472 203 1538 xander
226 1473 419 1557 adpellebat.
465 1473 624 1550 Quicum
648 1476 788 1559 quadam
811 1478 861 1541 die
885 1477 1006 1561 locum,
1031 1499 1094 1561 quo

80 1562 211 1627 clausus
236 1583 337 1647 equus
356 1561 544 1648 Bucephala
561 1563 675 1647 fuerat,
698 1566 899 1649 praeteriret,
922 1587 1094 1631 conversus
1110 1586 1135 1627 15

81 1651 124 1716 ad
153 1651 272 1716 amicos
303 1650 365 1715 hoc
395 1651 457 1715 ait:
488 1648 534 1716 Ὀ
562 1651 638 1736 riri,
668 1653 856 1719 hinnitusne
886 1675 978 1720 aures
1006 1676 1096 1719 meas

81 1761 124 1804 an
149 1761 225 1804 vero
248 1740 376 1823 rugitus
405 1739 522 1825 aliquis
546 1740 695 1806 leoninus
720 1741 895 1808 offenditl'
941 1743 993 1807 Ad
1016 1743 1097 1808 haec

80 1827 305 1911 Ptolomaeus,
329 1828 384 1912 qui
408 1825 505 1893 Soter
526 1833 642 1912 postea
665 1831 853 1914 appellatus
877 1836 942 1896 est:
973 1830 1096 1897 ‘Immo

81 1938 158 1982 vero
182 1917 237 1981 hie
259 1917 315 1981 ille
338 1922 387 1981 est
410 1938 512 2000 equus
530 1916 725 2000 Bucephala,
749 1941 843 2002 quem
867 1920 909 1984 ob
928 1920 1097 1984 vehemen-

80 2006 162 2070 tiam
192 2006 317 2088 pariter
346 2009 380 2069 et
410 2006 644 2070 saevitudinem
677 2007 823 2070 dentium
851 2007 1008 2071 hactenus
1040 2029 1096 2071 rex
1110 2030 1137 2070 so

83 2093 191 2159 claudi
214 2097 308 2177 pater
330 2092 445 2159 iussit?
491 2094 537 2158 Et
563 2095 648 2158 inter
674 2094 755 2159 haec
780 2117 891 2160 rursus
915 2095 997 2159 alius
1022 2096 1097 2179 equi

84 2182 228 2247 eiusdem
246 2183 393 2247 hinnitus
413 2182 552 2267 auditur,
574 2185 687 2247 acutus
706 2183 835 2268 quidem
854 2183 917 2268 ille,
941 2184 997 2248 sed
1015 2184 1097 2249 nihil

80 2271 254 2355 increpans
278 2271 318 2335 ad
337 2271 547 2336 formidinem
564 2272 747 2357 pristinam,
771 2273 857 2339 enim
875 2274 954 2338 mite
974 2273 1096 2359 aliquid

81 2364 115 2424 et
137 2363 353 2440 mansuetum,
375 2382 510 2443 prorsus
534 2363 571 2425 ut
594 2360 714 2426 diceres
734 2362 887 2448 adloquia
908 2363 965 2428 illa
984 2365 1024 2429 ad
1043 2362 1096 2428 do-

81 2450 204 2514 minum
233 2470 303 2512 esse
330 2449 505 2534 morigera,
532 2472 598 2515 non
627 2452 701 2534 equi
723 2451 889 2517 fremitum
912 2454 1095 2518 saevientis.
1110 2472 1136 2514 as

80 2536 168 2602 Nam
192 2539 224 2602 et
245 2538 344 2621 pedes
367 2538 494 2622 priores
518 2539 706 2604 extenderat
730 2543 762 2604 et
785 2540 979 2625 gesticulam
1007 2563 1096 2607 man·

82 2626 261 2691 suetudinis
286 2626 410 2692 luserat
432 2630 465 2690 et
489 2627 627 2712 supplici
651 2629 790 2712 quodam
816 2632 908 2694 motu
930 2629 1095 2693 blanditus

83 2719 141 2779 est.
188 2715 281 2792 Quod
303 2716 360 2780 ubi
383 2715 522 2780 intuitus
546 2721 597 2780 est
619 2715 817 2801 Alexander,
844 2717 946 2781 fuisse
973 2718 1008 2781 in
1036 2718 1094 2781 illo

83 2803 219 2867 antehac
256 2806 323 2868 tarn
360 2805 578 2868 truculentum
616 2805 759 2870 officium
797 2804 911 2870 edendi
947 2806 1095 2870 homines

172 3029 362 3100 lprodigeris
382 3031 416 3085 P.
450 3029 599 3087 Aristoteli
616 3033 649 3088 P.
712 3031 897 3104 dregimonii
918 3033 950 3086 T.
1010 3039 1095 3086 8no-

81 3117 162 3156 scens
182 3102 216 3156 P.
297 3103 418 3157 9malle
437 3102 469 3155 P.
550 3108 583 3157 10
602 3103 755 3158 reseruisee
775 3105 810 3159 P.
891 3108 924 3157 11
943 3104 973 3159 id
991 3120 1041 3159 om.
1063 3104 1095 3160 Τ.

81 3175 110 3227 et
129 3173 161 3227 P.
189 3188 225 3227 ne
246 3172 277 3226 Τ.
360 3179 393 3227 12
412 3190 496 3242 agere
515 3174 548 3227 P.
575 3191 670 3243 gerere
692 3175 722 3232 T.
804 3181 837 3228 13
857 3177 1043 3243 quartumque
1064 3175 1093 3228 T.

82 3249 115 3298 15
134 3243 312 3311 Bucephalus
333 3244 364 3299 Τ.
462 3250 494 3298 16
511 3245 583 3299 haec
602 3245 634 3300 Τ,
734 3251 767 3299 17
786 3261 890 3301 anvero
912 3245 947 3300 P.
975 3260 1042 3300 vero
1064 3246 1094 3299 Τ.

82 3319 116 3369 18
135 3314 286 3369 Tolomeus
305 3314 376 3369 Pr.
464 3319 497 3369 19
516 3315 696 3386 Bucephalus
718 3317 747 3370 Τ.
834 3322 868 3371 22
888 3316 962 3372 altus
981 3316 1095 3385 quidem

80 3385 130 3440 ille
152 3386 181 3438 T.
251 3391 285 3440 23
305 3386 385 3441 mitte
405 3386 439 3439 P.
509 3391 544 3440 24
561 3388 605 3442 uti
625 3388 656 3440 Τ.
689 3386 835 3442 hominum
855 3388 889 3442 P.
956 3394 991 3444 26
1010 3387 1096 3458 gesti·

80 3457 146 3510 cula
167 3457 198 3512 T.
250 3461 284 3511 27
304 3455 440 3526 supplicis
461 3456 495 3511 P.
549 3462 583 3513 28
602 3457 633 3514 in
649 3458 702 3515 illo
723 3459 756 3520 P.
781 3457 831 3516 'ult
848 3458 886 3515 T.
927 3465 968 3515 22
987 3457 1112 3515 edendus

77 3527 239 3581 hominibus
255 3528 289 3581 P.

935 3621 980 3677 (ᾖ
