2414 3826
466 154 678 210 PRAEFATIO.
1016 156 1080 210 XlX

157 317 205 382 Ut
235 322 384 382 accurate
408 339 428 382 a
450 319 528 382 viris
553 318 656 382 doctis
680 319 832 403 cognosci
856 322 979 402 posset,
1002 319 1079 402 quid
1171 333 1175 340 ’

67 407 253 470 etiamnunc
284 427 339 470 ers
342 407 428 470 t'et
419 428 453 470 ln
482 405 590 470 codice
619 406 825 491 Taurinensi‚
855 428 985 471 neeesse
1015 407 1080 472 fuit

66 495 263 561 verbotenus
288 517 338 573 ea,
362 517 444 579 quae
468 495 538 576 ipse
546 494 642 647 tlegi,
666 496 725 560 sub
749 499 839 560 textu
819 482 951 580 utypis
975 497 1079 580 expri-

66 605 164 649 mere.
211 581 303 658 Quod
332 605 403 647 oum
427 605 485 669 per
508 584 664 668 rationes,
687 607 767 670 quas
795 584 829 648 in
853 584 914 648 hao
938 583 1078 648 editione

66 673 160 758 sequi
183 673 290 736 iussus
315 694 400 755 sum,
427 673 532 736 faeere
556 671 635 735 milri
659 695 724 737 non
746 673 870 757 liceret,
896 675 932 736 ut
919 672 974 736 tile
999 672 1079 736 mihi

65 761 174 825 visum
203 765 252 825 est
274 760 327 824 hio
350 760 479 843 quidem
503 760 581 824 duas
605 761 722 825 codicis
746 763 885 847 paginas
908 761 968 844 ita,
995 766 1031 826 ut
1060 784 1079 826 a

66 871 118 913 me
150 850 253 914 lectae
284 851 376 933 sunt,
408 849 496 933 typis
530 849 691 913 mandare.
744 850 827 913 Huio
858 850 907 913 rei
939 851 1078 914 maxime

65 939 201 1002 idoneas
232 959 303 1002 esse
333 938 468 1022 paginas
498 936 574 1001 XLI
602 959 627 1002 e.
662 941 694 1001 et
726 938 753 1002 d.
789 938 967 1002 arbitratus
998 960 1078 1003 sum.

65 1025 153 1091 Nam
181 1047 326 1110 carmen,
356 1026 440 1110 quod
468 1025 515 1090 ibi
542 1025 673 1110 legitur,
705 1027 745 1090 ab
774 1026 900 1110 Angelo
929 1025 1015 1090 Maio
1046 1031 1078 1091 et

66 1112 185 1181 Oarolo
209 1115 379 1199 Muellero‚
407 1115 525 1198 quippe
549 1115 604 1199 qui
632 1115 701 1179 solo
728 1115 836 1180 codiee
860 1114 1077 1180 Ambrosiano

64 1207 248 1286 uterentur,
275 1205 322 1268 ita
346 1202 467 1267 editum
491 1206 554 1287 est,
582 1207 618 1268 ut
642 1203 822 1268 abundaret
844 1203 933 1268 vitiis
957 1204 1078 1286 gravis-

67 1293 168 1359 simis.
210 1292 354 1370 Quorum
377 1314 453 1377 pars
479 1293 621 1356 maxima
644 1292 763 1357 eodiois
783 1291 993 1356 'laurinensis
1016 1313 1077 1374 ope

63 1381 138 1447 tolli
166 1382 287 1466 potuit,
314 1382 378 1446 nisi
404 1380 521 1445 folium
550 1381 634 1445 sucis
657 1380 798 1465 Peyroni
826 1380 1014 1446 horribilem
1042 1380 1077 1444 in

65 1470 197 1534 modum
220 1492 351 1554 pessum
375 1471 486 1534 datum
510 1473 603 1534 esset.
649 1469 729 1554 Legi
751 1471 853 1556 igitur
876 1470 970 1535 haee:

63 1681 119 1748 fol.
143 1680 239 1746 xlia
280 1682 473 1746 mortalibus
497 1681 535 1744 de
559 1681 575 1744 f
837 1682 956 1746 esoium
981 1681 1076 1768 quib3

279 1792 340 1853 que
501 1770 543 1834 tis
566 1769 600 1834 fa
624 1792 643 1835 a
666 1771 765 1897 elauP
793 1861 803 1896 ἲ
861 1861 871 1896 ἲ
918 1793 932 1834 3
957 1771 1075 1854 quippe

278 1910 414 1975 homulli
428 1932 494 1976 non
508 1911 597 1977 videt
611 1913 701 1975 varia
746 1934 766 1994 q
786 1911 804 1973 d
823 1911 904 1974 haee
922 1910 1076 1975 reformet

278 2021 393 2151 perpes
415 2000 612 2064 eviternitas.
645 1998 729 2063 Nam
752 2000 780 2062 si
801 1999 942 2063 facessat
962 2004 1076 2062 oasuir‘

278 2088 380 2151 soient
382 2088 413 2151 ia
435 2089 523 2154 laeta
546 2092 596 2153 est
783 2087 888 2151 omnis
911 2087 1075 2172 ignoratio

278 2175 382 2263 Quare
406 2175 437 2239 id
461 2182 519 2263 pot
505 2180 577 2242 tatu
601 2181 616 2241 1
776 2174 1074 2240 commodissimum

278 2262 312 2328 si
328 2286 405 2416 ergto
421 2264 472 2329 his
489 2287 653 2350 quaequae
722 2287 737 2328 s
756 2266 915 2330 instruere
929 2268 966 2328 ut
979 2286 1074 2348 praes

277 2353 343 2418 cias
373 2357 409 2417 tu
439 2376 525 2419 mam
554 2355 643 2419 lebat
630 2358 681 2419 tus
709 2357 784 2420 nost
786 2377 821 2418 ra
840 2375 970 2506 tpraepo
973 2355 1074 2419 tentia

277 2464 483 2526 quaeeunque
515 2464 593 2529 gens
624 2443 667 2507 sit
653 2443 793 2508 tobvia
823 2448 945 2507 sternes
975 2464 1075 2507 manu

276 2538 415 2614 tuncque
443 2530 521 2596 haee
548 2531 668 2596 revises
697 2533 805 2597 animo
831 2532 915 2595 liber
938 2531 1076 2596 artubus

277 2619 353 2683 urbs
372 2640 448 2684 vero
472 2642 568 2772 quam
592 2642 676 2685 nune
700 2620 787 2706 regis
806 2619 918 2683 mundi
939 2618 1074 2683 dedecus

276 2708 380 2772 nitore
418 2710 524 2794 surgit
563 2713 657 2773 cunct
656 2709 686 2772 13
727 2707 920 2790 exoptabilis
960 2707 1073 2771 saeclis

276 2796 352 2859 viris
482 2801 665 2882 temporum
684 2796 874 2861 recursibus.
915 2793 1074 2879 Unaquae

276 2906 403 2968 semper
470 2885 540 2951 luta
563 2886 623 2950 bea
679 2885 791 2950 tudine
886 2904 986 2967 quens
1013 2884 1073 2948 deo

275 2995 345 3036 rum
369 2979 402 3037 te
465 2975 493 3038 is
517 2978 614 3059 atque
935 2993 995 3055 que
1018 2973 1073 3035 vin

275 3083 390 3128 censo
496 3085 550 3127 um
574 3084 652 3127 cone
721 3062 774 3126 dia
987 3061 1073 3126 vitae

862 3151 963 3214 letum
987 3150 1074 3232 oepit

274 3261 357 3305 cuna
994 3237 1072 3322 quip

274 3350 313 3411 pe
338 3329 406 3412 ipse
569 3328 689 3412 coeptis
709 3327 885 3411 praesul
859 3327 968 3391 ciricis
987 3326 1035 3389 int
1037 3349 1072 3390 er

275 3418 377 3480 minat
379 3418 405 3481 is
422 3417 573 3490 saeculo*
588 3416 715 3484 cursibs
726 3412 1001 3584 nudata&
996 3414 1094 3494 duob

270 3506 315 3571 sit
340 3507 436 3576 tellus
463 3509 556 3580 hisee
574 3510 715 3600 legibus
731 3508 871 3576 rideas
1026 3514 1120 3559 seso
