2414 3826
119 175 163 239 64
548 171 657 226 creua
675 172 695 227 ι.

119 337 198 421 quit,
223 335 259 400 ςο
283 339 330 418 tu,
353 334 409 418 qui
428 335 547 399 civium
570 337 700 398 tuorum
720 333 900 399 infortunio
920 333 1132 419 subfragaris,

120 425 286 489 consultor
308 426 417 507 potius
441 424 558 488 fuisses
585 422 621 486 in
643 422 759 487 melius
788 426 820 486 et
846 421 914 486 illio
941 426 1032 486 tuam
1056 444 1132 506 pru-

119 512 262 577 dentiam
293 511 508 593 exercuisses,
539 511 595 576 ubi
625 512 775 576 cautione
805 532 886 594 opus
918 510 1033 595 fuerit,
1065 533 1133 576 non

119 601 304 665 huiusmodi
340 600 572 683 experimento!
634 599 739 676 Quare
778 620 884 683 neque
917 599 1008 663 tibiis
1046 599 1133 664 vinei

87 692 233 775 spectus
257 688 410 753 martium
438 691 548 772 potest
575 709 635 752 nec
663 689 857 753 contumelia
883 688 1034 752 militaris
1062 690 1133 752 tam

121 777 259 842 artificio
288 799 385 860 quam
414 776 651 861 supplicatione
679 775 827 859 sopitur?
877 775 922 840 Et
948 780 1024 860 post
1051 776 1133 840 haec

119 866 234 951 peragi
249 886 343 930 omne
359 865 517 930 excidium
532 865 630 930 iubet.
663 862 725 929 Sed
739 864 895 943 Thebani,
914 865 1059 948 quicum·
1095 870 1193 926 XLVI.

123 977 183 1040 que
198 954 295 1038 fugae
310 956 422 1018 eontra
438 953 613 1019 eversionis
629 975 706 1019 suae
720 953 878 1036 impetum
894 954 1135 1036 consuluerant,

121 1044 177 1107 ubi
212 1047 340 1127 tempus
374 1042 453 1127 fuit,
488 1041 678 1128 cougregati
713 1042 913 1106 sciscitatum
945 1040 1133 1124 Apollinem

82 1132 273 1213 remittunt,
306 1130 419 1214 ecquid
438 1130 515 1194 sibi
546 1130 766 1215 redintegrare
798 1130 913 1194 urbem
943 1129 1132 1195 Thebanam

120 1221 189 1284 fata
219 1219 453 1302 permitterent.
500 1218 551 1281 Ad
578 1218 659 1282 haec
687 1218 788 1303 igitur
816 1216 1002 1283 huiusmodi
1031 1219 1132 1302 Apol-

120 1309 197 1373 linis
221 1315 270 1371 est
292 1328 499 1391 responsum:

264 1409 427 1494 Muiugena,
446 1425 573 1493 Alcides,
592 1429 622 1481 et
639 1427 740 1483 Pollux
759 1426 882 1481 cestibus
901 1429 1000 1482 auctor

262 1497 331 1550 Arte
351 1512 401 1550 sua
419 1495 523 1552 Thebis
541 1496 663 1551 reditum
682 1498 740 1553 cult
728 1501 844 1567 tumque
863 1497 972 1555 dedere

82 1629 107 1670 ιι
121 1606 191 1671 Hac
220 1610 307 1670 sorte
335 1605 412 1670 data
440 1605 690 1696 opperiebantur
718 1605 879 1691 Thebani,
907 1607 935 1670 si
963 1606 1040 1691 quid
1067 1608 1133 1671 tale

121 1695 315 1779 proveniret
488 1751 492 1760 .

211 1780 270 1848 54.
305 1781 489 1846 Alexander
516 1803 591 1849 vero
624 1803 697 1847 eum
725 1781 919 1848 Corinthum
952 1782 1133 1848 devenisset
1119 1787 1196 1847 tce.

123 1893 257 1956 eamque
290 1872 529 1956 occupavisset,
564 1871 650 1935 forte
687 1871 849 1936 acciderat
881 1873 1036 1936 sollemne
1068 1893 1134 1937 oer-

121 1966 231 2026 tamen
261 1960 446 2046 gymnicum
474 1959 559 2044 apud
589 1960 663 2024 illos
692 1961 761 2045 agit
763 1959 827 2044 ari;
857 1960 942 2025 unde
970 1958 1134 2026 Corinthii

82 2073 108 2112 so
122 2071 264 2135 quoque,
291 2050 339 2114 uti
368 2048 558 2114 adessetat
523 2053 629 2132 at-que
653 2048 701 2112 illi
729 2049 900 2114 certamini
928 2049 1135 2131 praesideret,

122 2159 319 2224 magnopere
348 2141 425 2202 cont
411 2138 557 2202 t.endunt
607 2136 772 2203 Adnuit
762 2137 824 2222 rgit
825 2159 864 2202 ur
893 2159 966 2220 rex3
999 2158 1135 2221 eumque

121 2227 279 2309 plurimos
315 2247 374 2308 pro
414 2220 532 2291 merito
571 2226 698 2291 coronis
742 2225 899 2309 donisque
940 2226 1134 2310 largissimis

122 2317 306 2384 muneraret
308 2335 359 2395 ur,
382 2311 554 2376 Thebanus
584 2313 729 2396 quidam,
757 2314 809 2378 eui
834 2311 1053 2378 Clitomachus
1076 2334 1134 2379 no·

122 2421 196 2464 men
229 2403 329 2478 esset,
361 2403 524 2464 certamen
561 2401 630 2465 luet
616 2405 668 2465 ate
703 2402 875 2485 profitetur
914 2402 1062 2486 idemque
1095 2401 1135 2466 de

81 2509 107 2550 ιι
122 2488 262 2553 cestibus
281 2507 424 2571 pugnam
449 2491 546 2572 atque
568 2488 744 2554 identidem
763 2492 972 2575 pugillatum3
996 2490 1134 2575 denique

121 2577 187 2641 tria
216 2577 282 2641 ista
311 2576 489 2640 certamina
516 2577 602 2641 idem
632 2578 804 2661 profitetur
834 2584 867 2643 et
896 2581 993 2644 subit
1043 2578 1133 2664 Ergo

122 2686 194 2730 eum
221 2666 362 2748 primum
389 2664 542 2730 luctando
577 2666 762 2731 adversario
794 2667 1014 2753 praestitisset
1046 2689 1135 2732 coro-

121 2776 261 2838 namque
284 2754 407 2819 laboris
427 2755 596 2838 exegisset,
619 2755 710 2820 iubet
727 2755 913 2820 Alexander
932 2760 1038 2820 cetera
1058 2777 1134 2840 quo·

35 2876 40 2887 ·
123 2865 183 2926 que
208 2843 343 2907 eundem
366 2843 455 2926 prius
480 2844 620 2927 exsequi,
643 2865 725 2928 quae
749 2845 967 2928 promisisset,
990 2866 1134 2928 quaeque

82 2953 108 2992 so
123 2933 150 2996 si
170 2933 241 3015 pari
260 2931 393 2996 fortuna
411 2932 583 3014 obtineret,
601 2931 685 2996 nihil
704 2933 849 2997 omnium
867 2933 946 3015 fore,
966 2933 1051 3016 quod
1072 2933 1134 2996 sibi

120 3021 245 3103 petenti
263 3043 320 3085 rex
339 3024 482 3105 negaret.
521 3019 627 3105 Igitur
647 3043 724 3085 usus
742 3020 934 3086 fortitudine
953 3025 1050 3106 atque
1069 3020 1134 3085 for-

123 3113 203 3174 tuna
231 3130 305 3173 cum
334 3109 477 3174 cestibus
500 3109 609 3192 potior
637 3113 670 3174 et
696 3111 859 3194 pugillatu
886 3110 1014 3175 felicior
1041 3110 1135 3187 foret,

211 3253 226 3302 5
246 3245 377 3301 militaris
397 3247 545 3301 artificium
550 3263 652 3330 'quam
671 3246 877 3320 supplicatione
896 3250 929 3304 P.
1016 3255 1031 3302 7
1052 3264 1134 3303 omne

121 3317 225 3373 omA.
264 3317 367 3386 Singa
386 3322 451 3373 cont
451 3317 619 3373 reversionis
638 3319 671 3373 Ρ

210 3388 258 3443 54.
294 3394 326 3442 19
346 3389 421 3457 apud
440 3388 517 3444 chias
535 3405 668 3458 masor.
688 3391 734 3445 vel
752 3390 816 3444 illos
830 3390 867 3444 A
897 3391 972 3458 apud
991 3388 1086 3460 pthias
1101 3389 1134 3442 P.

121 3465 155 3512 28
176 3475 245 3528 exeg
247 3459 346 3514 eritr
402 3466 435 3513 29
455 3477 598 3528 quaequae
616 3460 652 3514 A
682 3478 753 3529 quae
772 3461 873 3516 Eberh.
924 3467 957 3515 32
978 3477 1040 3515 cum
1060 3461 1136 3516 esset

105 3478 245 3579 cestrbus
247 3529 285 3584 A
321 3546 385 3584 cum
406 3530 561 3588 celestibus
581 3530 676 3603 potior
693 3533 727 3586 ut
742 3532 877 3603 pugilatu
896 3532 930 3585 Ρ
