2414 3826
135 168 178 234 26
291 105 293 111 Ι
568 167 714 224 LIBERI.

135 331 246 398 iuriae.
286 330 386 416 Agite
408 331 518 415 igitur,
542 352 671 415 quaeso,
694 334 770 415 post
793 330 876 395 iram
894 330 1149 417 integrationem

135 419 317 505 coniugalis
341 418 494 484 adfectus.
540 418 610 484 Nec
634 422 678 484 sit
700 416 899 504 pudendum,
923 420 951 484 si
974 420 1061 484 tilius
1087 422 1149 485 sim

134 509 325 593 parentibus
349 506 538 592 copulator?
584 507 646 572 His
670 509 765 573 dictis
792 508 961 591 impetrat,
990 508 1077 591 quod
1105 509 1150 573 la-

134 598 244 680 borat,
271 597 367 680 idque
391 597 421 661 ei
444 596 579 681 largiter
602 597 689 679 apud
712 618 824 661 omnes
848 597 974 680 patriae
997 619 1147 681 proceres

107 686 221 751 ebone
241 686 415 750 admodum
433 685 622 750 testimonio
640 686 712 750 fuit.
748 685 858 749 Placet
876 684 1013 769 denique
1028 685 1148 769 Lysiae

134 796 253 839 nomen
271 774 498 859 coniugalibus
512 774 629 838 ritibus
647 774 681 837 in
696 776 889 858 perpetuum
909 774 1041 857 aboleri,
1061 775 1147 859 quod

134 863 310 947 appellatio
334 863 392 928 illa
411 861 566 927 solutioni
591 863 697 946 coepti
716 883 789 926 oum
808 859 985 945 Cleopatra
1008 864 1145 946 centupli

135 952 317 1017 conivisset.
711 967 713 971 ·

224 1039 282 1109 16.
305 1041 421 1106 Athis
439 1040 540 1105 ferme
560 1039 683 1124 diebus,
701 1038 818 1122 quibus
836 1039 917 1104 haee
936 1041 1010 1104 acta
1029 1040 1077 1105 vi·
1101 1045 1184 1100 XXII]

92 1149 120 1190 10
133 1129 302 1213 dabantur,
317 1130 490 1194 descivisse
505 1128 660 1210 obsequio
674 1126 833 1192 Mothona
847 1128 962 1192 civitas
976 1129 1147 1193 nuntiaba-
1165 1131 1183 1182 8

133 1223 195 1286 tur.
236 1219 288 1282 Ad
311 1239 408 1301 quam
432 1218 541 1282 animo
561 1215 732 1300 Philippus
755 1216 920 1300 incitatus
944 1238 1018 1281 cum
1041 1216 1147 1282 adhuc

132 1307 256 1371 viribus
286 1306 428 1389 eorporis
460 1305 660 1382 deficeretur,
689 1305 851 1387 optimum
873 1310 964 1369 ratus
988 1305 1147 1370 ultionem

132 1416 198 1458 non
229 1393 412 1471 distulisse,
444 1414 615 1457 numerum
645 1393 701 1476 qui
730 1393 815 1458 forte
845 1392 975 1458 adesset
1004 1394 1147 1459 militum

133 1482 248 1547 ducere
262 1481 483 1547 Alexandrum
502 1481 601 1564 iubet,
619 1481 715 1564 idque
732 1481 918 1546 adolescens
932 1485 1148 1566 properanter

93 1589 118 1629 rs
133 1571 318 1654 exsequitur
332 1570 582 1655 diligenterque3
601 1570 771 1634 subactam
790 1569 877 1635 enim
890 1572 1147 1655 populatamque

132 1658 172 1722 ad
191 1659 353 1724 vindictae
372 1659 622 1724 ostentationem
642 1660 764 1742 raptim
782 1658 973 1723 Mothonem
997 1680 1146 1725 reversus

131 1748 310 1812 adnuntiat.
354 1745 416 1812 Sed
440 1749 525 1812 enim
549 1769 621 1812 eum
644 1747 702 1812 illo
725 1747 830 1812 reditu
854 1747 892 1811 de
915 1746 1074 1812 Mothona
1098 1750 1146 1812 in·
1166 1763 1184 1814 9

131 1856 262 1921 gressus
286 1836 327 1901 ad
351 1840 476 1921 patrem
501 1836 599 1914 foret,
626 1835 715 1901 videt
740 1836 787 1901 ibi
811 1834 1005 1900 adsistentes
1029 1837 1147 1902 habitu

130 1925 269 1991 barbaro
298 1925 386 1992 viros
418 1929 695 2010 percunctansque
726 1924 876 2008 agnoscit
903 1924 1022 1989 Persae
1051 1923 1148 1990 Darii

90 2029 117 2073 20
133 2019 294 2100 satrapas,
319 2037 451 2081 causam
471 2018 584 2079 tamen
602 2012 759 2078 adventus
784 2034 864 2097 esse,
888 2013 974 2096 quod
997 2035 1036 2077 ex
1055 2036 1145 2080 more

130 2104 380 2257 {iiioieiltie
393 2101 1145 2277 titiiabiaihiiiPiniiniliii'aiiiii

128 2280 230 2344 iectos
254 2216 390 2363 obdequi
419 2280 480 2343 sibi
504 2279 622 2344 Persae
634 2240 834 2362 ’deposcunt
879 2278 1017 2344 Miratus
1041 2279 1145 2364 igitur

130 2365 312 2430 Alexander
342 2371 375 2431 et
402 2367 533 2449 petendi
561 2388 685 2431 morem
713 2371 745 2431 et
771 2367 916 2432 titulum:
945 2366 1144 2452 ‘Haeccine’

90 2473 115 2513 es
129 2454 249 2539 inquit,
277 2453 455 2518 ‘elementa
482 2454 600 2520 Persae
627 2455 820 2520 mortalibus
848 2455 1031 2539 venditant,
1061 2478 1144 2541 quae

130 2543 254 2607 cunctis
274 2542 352 2608 deus
371 2543 405 2606 in
424 2564 593 2609 commune
611 2544 750 2629 largitus
773 2542 860 2608 est‘?'
902 2543 1046 2609 Dolebat
1064 2566 1143 2630 ergo

130 2631 290 2715 altiusque
314 2631 547 2697 adolescentuli
565 2632 632 2697 vim
653 2633 816 2716 carpebat,
840 2632 926 2716 quod
944 2633 1006 2697 viri
1026 2630 1143 2699 Graeci

129 2720 270 2785 nominis
295 2742 332 2785 ac
356 2720 524 2805 dignitatis
543 2721 720 2807 vectigales
742 2721 890 2786 barbaris
909 2721 1036 2805 fierent,
1060 2743 1144 2805 quae

128 2831 179 2873 res
208 2814 294 2875 esset
321 2810 537 2894 pendentibus
565 2811 685 2894 iugiter
715 2809 756 2874 ad
784 2810 1010 2894 magisterium
1040 2814 1144 2876 servi-

217 2971 233 3019 5
261 2967 335 3021 bono
351 2997 384 3006 -
398 2964 561 3021 testimonio
589 2965 664 3020 AP.
721 2966 826 3020 bonum
841 2996 874 3006 -
889 2963 1086 3020 testimonium
1114 2973 1142 3022 τ.

127 3036 227 3105 Lysiae
246 3053 296 3093 om.
317 3037 351 3091 P.
464 3043 479 3091 7
500 3034 640 3091 solutione
658 3037 694 3091 A.
722 3035 846 3106 coniugii
865 3037 1016 3092 conivisset
1033 3039 1141 3108 scripsi.

129 3107 305 3163 convivasset
327 3124 397 3163 corr.
421 3125 454 3163 coc
478 3105 650 3163 convixisset
666 3107 703 3163 A.
731 3108 883 3163 cenivisset
901 3108 933 3164 P.
972 3107 1143 3164 solutionem

129 3177 204 3248 capti
223 3178 335 3234 convivi
353 3196 416 3232 cum
436 3179 586 3248 Cleopatra
602 3178 716 3233 fecisset
733 3185 760 3233 Τ.

217 3249 266 3305 le.
300 3255 333 3303 10
351 3248 488 3305 Mothone
505 3255 532 3306 Τ,
561 3250 695 3304 Methana
713 3250 749 3303 A.
777 3248 891 3303 Motene
910 3249 942 3303 P.
1040 3256 1071 3305 12
1093 3249 1140 3303 de-

127 3319 223 3374 ficeret
240 3320 275 3375 A.
350 3326 383 3374 15
402 3323 432 3375 et
449 3319 600 3390 diligenter
618 3326 645 3375 Τ.
679 3321 845 3375 subauctam
864 3319 897 3374 P.
972 3325 1005 3373 19
1025 3337 1141 3390 percon-

126 3391 291 3459 tansqueA.
311 3391 456 3461 cognoscit
464 3392 498 3446 P.
539 3396 572 3444 21
592 3391 653 3459 regi
662 3392 730 3446 nP.
750 3390 828 3461 regio
839 3390 874 3444 A.
916 3395 951 3445 24
969 3390 1094 3446 Haecine
1105 3392 1141 3447 A.

127 3464 162 3514 25
180 3461 313 3516 elimenta
331 3465 367 3517 A.
453 3468 487 3517 27
506 3460 563 3517 vim
582 3462 660 3517 AP.
689 3462 814 3517 animum
831 3460 934 3517 neat.
1021 3469 1055 3517 29
1074 3479 1141 3531 pen·

114 3530 251 3582 dentibus
265 3533 354 3588 Mart
382 3535 433 3604 (ex
452 3532 529 3604 Ii?);
556 3531 723 3604 petentibus
743 3533 819 3590 A.P.
