2414 3826
411 186 530 242 ORTUS
549 184 772 242 ALEXANDRI.
1052 185 1095 251 39

83 349 182 416 Heroi
207 349 370 432 scandere,
393 349 444 414 eui
467 349 548 415 talia
571 349 693 414 soilioet
712 350 856 435 anguina
874 350 1030 433 obsequio
1050 350 1065 414 f
1085 386 1096 397 -

54 460 57 464 ·
82 441 252 504 molentun
290 437 382 513 Quod
403 441 510 503 autem
530 439 698 503 oraoulum
717 441 787 524 regi
806 439 934 504 somnio
954 439 1009 503 da·
1032 443 1158 501 XXXIIL

82 529 154 590 tum
183 526 478 612 quinquevertioem
508 527 578 592 fore
607 528 720 592 urbem
752 528 905 608 [somnio]
937 549 1095 611 praenun-

82 615 247 700 tiavisset‚
277 615 447 680 advertens
478 615 668 700 diligentius
698 616 823 681 invenit
853 618 921 681 eius
952 617 1094 682 universi

82 704 147 768 loei
167 725 234 768 esse
254 704 446 773 eminentias
462 704 610 788 quinque.
640 704 762 780 Quibus
780 705 816 769 in
834 710 939 770 cetero
955 725 1121 790 aequorea

82 792 401 859 extuberasoentibus
418 792 515 857 deous
533 793 624 859 urbis
643 798 694 858 est
711 795 889 859 maximum
910 797 1096 860 oonstruota

82 903 141 946 ara
168 903 265 964 quam
293 882 435 946 maxima
461 881 496 944 in
525 903 562 946 eo
591 881 680 965 oolli,
709 882 764 966 qui
793 883 945 948 adversus
967 882 1096 948 Heroos

81 969 189 1036 looum
212 971 330 1035 visitur
353 971 444 1056 erigi.

173 1056 233 1124 30.
265 1057 303 1123 In
336 1081 374 1124 ea
403 1060 505 1144 igitur
535 1081 592 1123 ara
622 1058 680 1124 deo
712 1079 837 1123 summo
868 1081 974 1123 rerum
1004 1081 1095 1142 prae·
1114 1068 1160 1120 30.

81 1147 145 1212 sidi
180 1147 435 1229 opulentioribus
469 1149 570 1213 saeris
608 1151 641 1213 et
676 1146 862 1232 religiosius
900 1148 1096 1231 operabatur
1110 1168 1136 1208 ro

80 1258 156 1300 oum
179 1257 273 1319 prece
298 1237 368 1301 tali:
392 1235 568 1321 ‘Quisquis
591 1240 628 1302 tu
651 1237 747 1301 deum
769 1259 826 1301 rex
851 1259 898 1319 es,
927 1237 981 1321 qui
1004 1258 1095 1321 prae-

80 1330 169 1389 stare
206 1324 320 1390 dioeris
357 1325 433 1390 huie
468 1328 574 1390 terrae
607 1327 824 1409 mundumque
861 1327 960 1390 istum
997 1327 1095 1390 inter·

80 1413 205 1478 minem
235 1415 339 1497 regis,
376 1414 515 1497 recipias
552 1437 673 1498 quaeso
712 1437 838 1480 saorum
875 1415 937 1479 hoo
974 1415 1096 1480 litanti-

80 1523 144 1586 que
177 1501 259 1566 mihi
291 1503 412 1567 auxilio
444 1503 504 1567 fias
537 1504 633 1568 rebus
666 1505 756 1588 pasis
789 1506 822 1568 et
853 1502 998 1569 bellicis?
1052 1503 1097 1568 Et

79 1591 133 1655 his
163 1591 258 1655 dietis
291 1595 366 1656 exta
396 1591 535 1656 flammis
568 1614 607 1656 ex
639 1614 727 1657 more
760 1592 928 1657 inferebat.
980 1591 1138 1658 Enim-1⁶

79 1701 157 1745 vero
181 1684 312 1762 repente
337 1681 495 1745 advolans
519 1681 706 1746 invisitatae
729 1681 961 1766 magnitudinis
987 1681 1096 1766 aquila
1182 1750 1184 1754 .

80 1772 157 1833 exta
185 1769 314 1851 quidem
345 1791 361 1832 e
394 1770 543 1834 manibus
571 1769 752 1834 Alexandri
780 1771 931 1854 proripit,
962 1774 1095 1835 tranans

80 1879 158 1922 vero
196 1858 307 1921 volatu
345 1878 458 1941 quam*
479 1859 749 1943 tranquillissimo
787 1859 872 1923 atris
909 1859 1094 1923 intersitum

29 2004 32 2009 .
80 1945 226 2028 spatium
254 1946 349 2010 alteri
377 1946 504 2011 cuidam
533 1969 608 2011 arae
635 1948 749 2029 prooul
777 1949 865 2030 exta,
893 1968 975 2029 quae
1003 1968 1094 2029 prae-

79 2034 239 2118 ripuerat,
268 2036 463 2119 superponit.
509 2034 613 2111 Quem
636 2035 774 2116 depositi
798 2035 905 2097 locum
929 2055 1003 2097 oum
1028 2035 1094 2116 qui·
1109 2056 1136 2095 ao

80 2123 156 2187 dam
176 2145 193 2186 e
212 2124 469 2207 speculatoribus
489 2124 559 2208 regi
577 2123 769 2205 nuntiasset,
788 2125 963 2205 properato
983 2122 1096 2187 eodem

80 2213 172 2276 venit
191 2213 375 2296 agnitisque
395 2215 487 2296 extis,
508 2233 589 2296 quae
609 2232 700 2276 sacra
720 2212 787 2275 ales
808 2211 989 2296 advexerat,
1007 2211 1097 2277 videt

79 2300 240 2385 templum
249 2323 375 2385 quoque
385 2302 453 2366 illio
461 2305 554 2366 vetus
563 2300 798 2385 magnitudinis
808 2300 990 2387 religiosae,
999 2301 1097 2386 quod-

81 2410 145 2472 que
157 2389 227 2454 aevi
235 2390 457 2474 longinquitas
466 2392 652 2473 superasset
660 2411 697 2454 ao
706 2389 865 2474 diruisset,
874 2391 1096 2456 simulacrum-

81 2500 143 2562 que
164 2479 357 2543 intrinseeus
378 2480 493 2544 sedens
515 2501 554 2543 ex
575 2501 613 2544 ea
634 2479 771 2544 materia
791 2480 976 2565 figuratum,
997 2502 1095 2565 quam
1110 2500 1143 2542 25·

81 2565 250 2632 dinoscere
269 2568 409 2632 hominis
429 2568 547 2633 virium
566 2590 631 2633 non
653 2571 711 2633 est.
751 2566 814 2633 Sed
834 2572 967 2653 propter
986 2570 1097 2633 seden-

172 2854 186 2902 1
205 2848 291 2904 Heroi
309 2849 444 2903 TEterh.
468 2849 569 2904 Herois
584 2851 619 2905 A.
657 2855 672 2902 2
692 2847 800 2902 somnio
819 2848 917 2901 datum
936 2853 963 2904 T.
988 2848 1096 2902 somnio

81 2919 150 2974 dato
173 2923 209 2975 A.
238 2937 335 2975 somno
358 2920 461 2977 Eteri.
583 2925 599 2974 3
624 2920 739 2976 alterum
763 2917 871 2973 somnio
894 2919 987 2973 delevi.
1015 2935 1096 2987 prae·

80 2989 269 3045 nuntiavisset
287 2998 313 3044 T.
338 2991 578 3060 pronuntiavisset
597 2991 632 3046 A.
689 2996 703 3045 'l
724 2990 858 3044 adversus
877 2996 904 3042 T.
929 2987 1042 3043 adversi
1060 2991 1096 3043 A.

80 3061 189 3116 Heroos
209 3063 245 3118 A.
273 3062 355 3117 horos
373 3068 400 3116 T.
428 3064 515 3118 Heroi
535 3064 594 3117 Mr.

169 3132 219 3188 30.
239 3138 271 3187 11
292 3150 356 3187 oum
376 3133 412 3187 A.
436 3132 566 3202 quicum
586 3139 636 3189 aut
655 3149 709 3202 que
728 3149 791 3186 eum
810 3138 838 3188 T.
908 3137 940 3185 12
960 3131 1044 3184 istum
1059 3131 1096 3185 A.

80 3202 174 3272 ipsum
193 3211 220 3259 T.
257 3203 437 3259 interminem
456 3211 483 3259 T.
508 3204 657 3259 intermine
676 3204 711 3259 A.
798 3208 830 3255 15
851 3202 916 3257 exta
934 3208 961 3255 T.
985 3201 1041 3256 ista
1059 3202 1096 3255 A.

83 3281 115 3329 16
134 3276 250 3343 repente
270 3292 320 3330 om.
340 3275 376 3330 A.
413 3275 549 3330 advolans
567 3282 595 3329 T.
618 3273 747 3330 involans
766 3275 802 3329 A.
912 3279 944 3328 17
964 3289 979 3327 e
998 3289 1049 3327 om.
1068 3278 1096 3326 T.

80 3346 202 3415 proripit
228 3352 256 3402 T.
297 3346 435 3416 praeripit
461 3348 498 3401 A.
566 3349 681 3402 tranans
711 3362 776 3400 vero
804 3351 832 3398 T.
873 3347 1033 3398 transverso
1060 3342 1095 3397 A.

82 3421 115 3471 19
135 3416 259 3486 spatium
278 3420 307 3471 et
326 3417 409 3472 alteri
422 3417 457 3472 A.
482 3416 605 3486 spatium
624 3417 663 3472 ali
682 3422 709 3471 T.
761 3421 794 3470 22
814 3415 886 3471 extis
906 3430 978 3483 quae
997 3431 1048 3470 om.
1068 3420 1096 3468 T.

80 3493 245 3557 aequoque
268 3504 318 3543 om.
337 3491 374 3543 A.
465 3494 501 3544 24
520 3504 553 3544 uo
577 3488 711 3546 diruisset
733 3503 787 3545 oue.
801 3493 835 3542 T.
921 3491 963 3540 ‘tu
973 3484 1115 3537 ‘narrisius

73 3558 173 3612 Effert.
201 3557 313 3613 homini
330 3561 399 3615 TA.
