2414 3826
419 185 537 242 ACTUS
556 184 782 241 ALEXANDRI.
802 207 804 214 ἱ
1042 186 1107 251 105

93 348 244 415 dominus
272 352 305 414 et
332 348 410 413 deus
438 349 562 415 scilicet
587 349 721 414 huiusce
749 347 862 413 mundi
891 349 1106 434 existimatus,

91 441 130 503 ut
149 438 292 502 flebilem
310 441 448 503 mortem
468 442 597 524 oppeto.
639 435 702 502 Sed
720 436 826 502 habeo
845 438 954 503 obitus
973 437 1106 503 huiusce

93 527 215 613 grande
239 526 401 612 solatium,
423 527 510 610 qued
533 527 569 592 in
591 527 657 592 tuis
680 526 830 591 manibus
849 526 936 591 hunc
955 526 1107 612 spiritum

92 617 159 680 iam
189 614 361 680 effundam.
413 613 535 700 Quare,
565 634 696 700 quaeso,
725 636 793 681 non
825 614 968 680 invideas
1002 616 1107 701 sepul-

92 707 215 788 turam,
238 724 335 788 quam
358 702 438 768 mihi
461 725 528 770 una
551 725 624 770 cum
645 702 754 769 Persis
778 704 828 769 tui
850 725 978 789 quoque
1000 703 1134 770 Mace-s

93 792 193 857 denes
222 795 445 876 exsequantur.
490 792 575 858 Tum
601 791 805 877 Rogodunen
833 794 972 858 matrem
1000 814 1106 858 meam

93 879 352 946 commendatam
370 881 433 945 tibi
454 879 494 946 ad
512 882 672 947 honorem
692 879 825 964 dignum
843 881 974 945 nomine
992 884 1106 946 nestro

92 969 214 1034 habeto
240 972 338 1053 atque
360 969 553 1054 participem
573 968 760 1054 Olympiadi
777 971 863 1034 tuae.
904 967 1011 1035 (iolito
1030 991 1108 1036 uxo-

92 1078 162 1123 rem
186 1057 285 1122 etiam
303 1078 424 1140 meam;
447 1058 548 1123 filiam
567 1078 643 1123 vero
662 1057 821 1122 Roxanen
843 1056 905 1121 hac
928 1078 1021 1140 prece
1045 1057 1108 1122 tibi

94 1146 285 1212 commando
305 1151 401 1229 atque
419 1146 453 1211 in
468 1168 601 1212 manum
620 1147 662 1213 do
681 1167 865 1231 quaesoque
884 1166 956 1210 eam
976 1146 1107 1230 dignam
1121 1167 1149 1208 ιο

94 1235 247 1319 coniugio
270 1239 327 1299 tuo
351 1255 492 1300 censeas.
532 1234 607 1301 Erit
627 1235 713 1300 enim
736 1234 784 1298 illi
808 1235 848 1298 ad
868 1234 1021 1299 solatium
1045 1235 1108 1299 lar-

94 1323 196 1407 giter,
224 1323 308 1387 nihil
336 1323 399 1388 ribi
427 1323 465 1388 de
488 1324 579 1409 regia
602 1323 830 1390 coniunctione
854 1322 1016 1388 defuisse.2
1062 1323 1108 1389 Et

93 1411 129 1476 in
152 1411 241 1476 hisce
263 1411 372 1477 verbis
394 1411 513 1477 Darius
538 1412 689 1496 spiritum
712 1412 877 1497 transigit.

186 1497 244 1567 34.
267 1498 383 1566 Multis
398 1501 501 1586 igitur
514 1501 657 1566 lacrimis
671 1501 916 1567 miserationem
928 1501 1053 1587 regiam
1089 1506 1163 1563 xxl.

93 1588 283 1655 Alexander
308 1592 498 1673 prosecutus
531 1589 651 1655 auferri
683 1588 820 1654 cadaver
847 1593 881 1655 et
908 1589 949 1655 ad
981 1590 1106 1675 magni·
1125 1589 1172 1644 3⁷·

93 1678 258 1743 ficentiam
282 1678 426 1743 debitam
449 1699 572 1763 proque
596 1678 646 1744 sui
669 1678 829 1763 dignitate
851 1679 917 1744 ritu
935 1677 1109 1745 Persarum
1123 1699 1148 1741 rc

95 1767 226 1851 sepeliri
256 1767 355 1832 iubet.
408 1765 556 1851 Denique
589 1768 716 1850 corpori
746 1768 838 1852 regio
868 1767 1109 1833 transvehendo

96 1877 169 1920 cum
198 1855 324 1920 baiulus
355 1876 498 1939 quosque
526 1854 746 1921 nobilissimos
775 1876 908 1921 suorum
936 1858 1033 1939 atque
1062 1857 1110 1920 in-

95 1943 231 2029 digenas
254 1965 326 2008 esse
348 1944 510 2027 iussisset,
537 1947 574 2008 ut
600 1943 667 2008 illis
696 1943 840 2009 officium
867 1943 934 2008 tale
962 1964 1028 2007 non
1056 1944 1109 2007 de·

95 2032 306 2117 dignantibus
339 2032 447 2115 fieret,
480 2032 605 2116 primus
636 2032 707 2115 ipse
739 2051 821 2096 onus
852 2029 966 2095 feretri
998 2031 1108 2097 subiit.
1122 2051 1150 2092 xo

96 2119 168 2197 Quo
187 2121 258 2187 viso
281 2120 389 2186 cuncti
408 2141 536 2205 quoque
561 2119 640 2186 illud
662 2119 798 2185 honoris
816 2119 915 2204 primi
932 2118 1111 2184 maximum

94 2209 320 2275 testimonium
348 2208 584 2293 competebant.
629 2208 775 2274 Infertur
803 2208 904 2293 igitur
931 2207 1110 2292 sepulchris

94 2299 255 2364 maiorum
284 2296 427 2363 omnium
457 2301 527 2362 tum
554 2297 675 2364 Darius
710 2319 748 2363 ac
781 2299 879 2382 paulo
906 2301 983 2382 post
1015 2298 1110 2363 aedes

95 2386 160 2471 ipsi
182 2386 404 2470 templumque
429 2387 629 2453 construitur
657 2389 690 2452 et
715 2387 768 2451 lex
797 2386 915 2453 dicitur
941 2386 1111 2473 religiosa·

97 2496 159 2560 quc
183 2474 387 2540 sollemnitas
411 2475 507 2540 datur
529 2497 620 2542 more
642 2475 857 2561 praescripto,
884 2475 933 2541 uti
961 2475 1028 2541 dies
1055 2477 1110 2543 ille
1124 2493 1153 2537 se

98 2585 224 2630 annuus
248 2563 356 2630 Persis
380 2563 652 2631 celebratissimus
675 2565 778 2649 fieret,
799 2587 866 2630 non
889 2564 989 2629 sacris
1013 2565 1110 2629 modo

94 2654 130 2717 et
152 2652 280 2718 laetitia
298 2651 532 2738 hominumque
552 2658 763 2740 congregata,
784 2674 896 2718 verum
917 2652 1109 2734 spectaculis

186 2882 255 2934 lat
271 2880 395 2935 flebilem
415 2880 446 2938 T.
472 2883 576 2952 appeto
593 2881 630 2938 A.
675 2885 821 2949 bquoque
839 2894 890 2936 cm.
909 2880 945 2933 A.
953 2878 988 2933 P.
1030 2884 1112 2933 dcx·

96 2953 266 3019 cquerentur
272 2951 305 3006 P.
326 2957 342 3006 '1
357 2954 522 3009 commendo
531 2953 555 3008 ti
565 2953 601 3008 ad
609 2953 715 3008 honora
723 2951 756 3007 P.
776 2955 792 3004 8
807 2951 891 3018 atque
899 2949 930 3005 T.
944 2950 1111 3018 utqueAP.

97 3020 282 3093 participent.
301 3023 380 3078 cilito
392 3023 463 3078 PE
481 3026 511 3079 it.
530 3021 617 3079 colite
635 3025 746 3083 omrem.
764 3037 798 3077 ec
816 3019 894 3076 cilito
903 3021 940 3076 A.
981 3025 1015 3075 10
1035 3036 1112 3076 com-

96 3093 201 3149 mendo
219 3096 304 3162 atque
323 3109 373 3150 om.
388 3094 423 3148 A.
457 3041 553 3150 babeo
571 3095 657 3163 atque
675 3091 845 3164 participem
864 3090 1027 3162 Olympiadi
1045 3093 1112 3148 tuae

97 3199 184 3255 colito
202 3215 317 3254 uxorem
335 3201 388 3256 hac
405 3177 489 3271 prdce
507 3199 560 3255 tibi
578 3200 607 3255 in
625 3215 710 3256 manu
728 3199 766 3255 do
787 3197 818 3256 T.
893 3203 926 3253 la
945 3196 989 3252 his
1008 3197 1040 3252 P.

187 3269 237 3329 84·
269 3275 305 3325 14
322 3271 431 3342 regiam
453 3271 489 3326 A.
497 3272 531 3326 P.
560 3272 602 3326 rei
625 3270 698 3326 clam
721 3270 807 3327 Mcl’.
886 3273 920 3325 17
939 3283 1056 3338 corpore
1075 3267 1111 3324 P.

99 3347 132 3396 19
152 3358 213 3398 essa
231 3358 282 3398 om.
301 3342 334 3399 P.
376 3348 411 3398 20
430 3342 510 3398 ficret
527 3343 563 3397 A.
571 3343 605 3396 P.
633 3342 708 3398 foret
725 3340 811 3396 Mai&
853 3347 886 3396 21
906 3338 978 3395 illud
997 3338 1112 3396 honoris

97 3411 185 3483 primi
206 3413 236 3468 Τ.
265 3412 338 3467 illud
356 3416 389 3469 ut
406 3411 479 3482 privi
497 3411 575 3469 ΑΡ.
619 3419 653 3468 23
673 3415 718 3468 ‘ac
736 3412 821 3482 paulo
840 3413 1051 3482 post-1063.
1064 3426 1124 3488 Ψ·

97 3500 168 3538 nuos
188 3482 300 3539 statuit'
319 3499 369 3540 om.
389 3484 423 3542 P.
466 3490 502 3542 24
521 3486 551 3542 st
567 3483 619 3544 lex
636 3484 672 3542 T.
699 3484 813 3542 astlax
832 3483 870 3539 A.
899 3480 1010 3536 dicmur
1026 3487 1146 3538 aman*-

93 3553 266 3626 ‘¹¹'01‘ffl1'01'll
284 3554 316 3612 Τ.
345 3556 388 3614 dii
406 3557 445 3617 A.
530 3565 564 3620 ll
587 3561 779 3635 congregata
795 3555 877 3613 Mat.
906 3543 1114 3615 cananaeam
1133 3533 1173 3583 Ᾰ·
