2414 3826
83 164 89 177 ¹
138 164 191 219 XII
538 167 751 222 PRAEFATIO.

140 351 203 412 quo
236 329 363 394 facilius
397 330 590 415 scripturam
620 329 807 395 inferiorem
839 329 946 413 legere
979 327 1149 417 posset¹)?

140 415 274 481 Utinam
299 423 474 504 antequam
497 418 576 485 folia
600 440 676 483 suco
700 418 881 503 pernicioso
900 439 1031 502 pessum
1050 419 1152 504 daret,

140 503 214 569 Iulii
237 505 361 571 Valerii
388 509 508 572 librum
533 507 707 591 diligenter
729 507 1027 572 transscribendum
1051 511 1150 593 atque

140 595 304 679 exemplar
327 597 576 682 transscriptum
599 597 633 659 in
657 595 857 660 bibliotheca
880 594 1074 661 Tauriuensi
1098 598 1151 661 de-

139 683 324 765 ponendum
348 689 505 751 curasset!
548 682 610 749 Sed
633 684 709 768 quid
728 706 810 763 cum,
834 683 889 768 qui
907 684 1000 749 libris
1024 707 1151 750 conser-

98 799 100 803 ·
140 771 253 836 randis
278 795 297 836 a
320 794 395 857 rege
419 774 625 860 praepositus
649 777 747 856 esset,
775 772 882 837 facere
906 772 1151 859 cesareaadeo

139 880 205 924 non
234 860 394 926 intellexit
422 867 478 927 aut
507 861 669 945 meminit,
698 865 735 924 ut
764 860 833 945 ipse
862 861 1004 926 codicem
1032 864 1152 927 summi

139 949 236 1032 pretii
260 951 434 1019 maximam
457 956 582 1037 partem
608 950 727 1014 deleret
756 971 792 1013 ac
816 949 894 1013 satis
918 949 1053 1014 haberet
1075 973 1151 1035 pau·

140 1059 249 1102 corum
270 1040 412 1123 capitum
427 1043 591 1124 exemplar
605 1037 864 1121 transscriptum,
882 1038 1071 1120 pauciorum
1086 1041 1151 1105 col-

76 1197 82 1208 ·
139 1126 296 1192 lationem
320 1127 406 1194 Maio
436 1131 572 1195 mittere.
619 1126 680 1204 Qui
704 1148 802 1210 quam
825 1127 1036 1210 neglegenter
1063 1129 1151 1194 incu-

139 1216 288 1299 rioseque
312 1217 366 1295 eis,
390 1239 471 1301 quae
490 1240 509 1281 a
527 1217 674 1300 Peyrone
693 1218 870 1299 acceperat,
893 1237 970 1279 usus
989 1215 1042 1300 sit,
1065 1216 1151 1281 infra

140 1307 325 1388 exponetur.
761 1365 763 1368 Α

229 1390 365 1456 Crimini
382 1393 484 1476 igitur
502 1392 643 1456 dandum
662 1395 712 1455 est
729 1413 801 1456 cum
820 1391 971 1474 Peyroni,
993 1395 1064 1456 tum
1083 1392 1150 1458 An-

140 1480 213 1562 gelo
232 1479 329 1563 Maio,
352 1481 382 1544 ei
405 1481 478 1563 ipsi,
501 1482 555 1564 qui
574 1481 697 1564 primus
717 1479 835 1544 Iulium
850 1479 1018 1544 Valerium
1042 1480 1152 1566 edidit,

141 1567 225 1650 quod
254 1568 351 1652 longe
381 1568 523 1652 optimus
553 1568 648 1633 huius
680 1569 848 1651 scriptoris
879 1568 978 1633 codex
1007 1572 1154 1654 graviter

139 1659 308 1739 corruptus
337 1663 396 1722 est.
445 1656 530 1722 Nam
560 1678 640 1740 quae
669 1657 852 1720 etiamnunc
881 1657 915 1720 in
944 1679 982 1721 eo
1012 1662 1153 1742 exstant,

140 1765 178 1806 ea
202 1744 392 1808 difficillima
421 1751 498 1810 sunt
521 1745 617 1810 lectu.
662 1744 737 1829 Ipse
764 1743 895 1809 ineunte
917 1745 979 1809 hoe
1003 1768 1088 1814 anno
1113 1748 1153 1812 li-

139 1832 234 1896 brum
257 1831 487 1898 Taurinensem
512 1833 578 1898 adii
601 1836 641 1915 et,
665 1833 771 1916 quoad
795 1832 925 1916 quidem
947 1835 1013 1918 legi
1035 1837 1151 1919 possit,

140 1924 287 1985 excutere
309 1922 426 1988 studui.
456 1923 563 2007 Atque
583 1924 714 1987 exstant
733 1921 837 1986 adhuc
854 1921 934 1986 folia
955 1925 1082 2008 integra
1097 1926 1149 2008 35,

138 2009 220 2074 folia
243 2010 411 2075 dimidiata
435 2012 464 2092 7,
490 2012 600 2076 omnia
624 2011 709 2076 sucis
733 2009 833 2074 acidis
857 2010 969 2077 tincta.
1014 2011 1154 2078 Videtur

139 2102 245 2163 autem
275 2098 401 2183 Peyron
430 2101 471 2165 ad
499 2099 692 2182 scripturam
723 2097 907 2162 inferiorem
937 2102 1151 2166 revocandam

139 2186 274 2250 diversis
298 2188 544 2253 medicamentis
566 2209 645 2252 usus
669 2208 748 2252 esse.
791 2185 876 2251 Nam
899 2187 1053 2253 foliorum
1078 2190 1150 2254 aliis

139 2276 229 2339 color
253 2277 302 2337 est
320 2275 441 2358 viridis,
465 2277 539 2341 aliis
559 2277 737 2359 caeruleus;
760 2276 864 2340 multa
882 2275 970 2354 folia,
993 2298 1067 2342 cum
1086 2279 1152 2342 nisi

139 2384 202 2446 qua
230 2360 486 2446 fragmentorum
514 2364 634 2431 codicis
662 2363 879 2428 Theodosiani
908 2366 1069 2450 scriptura
1099 2389 1151 2431 ex·

139 2454 258 2534 staret,
287 2455 385 2515 uncta
415 2474 480 2517 non
510 2454 591 2536 sint,
620 2453 656 2517 in
685 2452 831 2538 margine
861 2454 1002 2517 colorem
1031 2454 1150 2520 flavum

138 2538 346 2603 membranae
367 2541 580 2624 retinuerunt,
604 2543 739 2607 aliorum
763 2545 833 2606 tota
856 2541 955 2606 facies
979 2564 1056 2607 suco
1081 2545 1152 2609 che-

139 2629 223 2692 mico
253 2628 423 2712 superfusa
451 2633 509 2695 est.
555 2629 637 2696 Sunt
665 2630 821 2715 quaedam
849 2630 942 2712 folia,
970 2631 1005 2695 in
1033 2632 1153 2715 quibus

139 2715 251 2782 omnia
275 2716 455 2800 scripturae
474 2719 665 2802 posterioris
684 2718 783 2782 verba
806 2717 872 2800 legi
892 2721 1027 2804 possint,
1050 2722 1153 2804 plura,

139 2827 275 2889 quorum
301 2807 462 2891 scriptura
484 2811 612 2872 tantum
640 2807 674 2872 in
697 2805 900 2890 marginibus
929 2814 1152 2891 cognoscatur,

137 2894 309 2977 nonnulla,
337 2895 510 2977 inquibus
539 2897 712 2962 verborum
739 2893 815 2958 Iulii
838 2893 963 2960 Valerii
989 2917 1048 2960 nec
1076 2899 1153 2963 vola

138 3003 196 3046 nec
215 2982 388 3067 vestigium
408 2985 536 3051 restitit.
573 2985 667 3050 Folia
685 3004 769 3049 nunc
789 2982 1001 3068 compagibus
1021 2991 1152 3068 quater-

138 3070 272 3136 nionum
290 3071 407 3135 solutis
422 3072 582 3155 explicata
600 3077 697 3158 atque
715 3073 750 3138 in
765 3074 906 3136 veterem
921 3072 1058 3137 formam
1079 3096 1151 3139 eam

228 3318 253 3383 1)
272 3314 381 3369 Prodiit
394 3314 529 3384 Peyronis
548 3314 635 3370 editio
655 3316 876 3386 fragmentorum
894 3317 1004 3372 Codicis
1021 3316 1151 3373 Theodo-

136 3386 210 3443 siani
232 3387 377 3454 Augustae
401 3385 513 3440 Taurin.
537 3402 610 3440 anno
631 3391 708 3442 182³.
745 3388 848 3442 Postea
871 3389 968 3442 eadem
992 3389 1153 3458 fragmenta

135 3457 293 3514 accuratius
317 3454 395 3510 edita
419 3458 485 3510 sunt
508 3471 525 3509 a
548 3457 690 3527 Kruegero
713 3457 744 3511 in
762 3458 841 3513 Actis
859 3459 1027 3514 Academiae
1046 3459 1153 3514 Beroli·

122 3529 223 3580 nenm's
238 3525 311 3580 anni
329 3531 407 3582 1879.
