2414 3826
390 167 519 224 OBITUS
537 166 758 223 ALEXANDRI.
1017 164 1081 228 113

67 335 191 422 pariter
215 337 248 398 et
270 331 472 417 poenitentia
494 332 665 415 fatigabat.
711 329 917 395 Confirmatis
944 327 1081 412 denique

66 423 200 506 animis,
229 425 390 506 quaesunt
416 426 449 485 et
479 421 592 484 sedare
615 420 817 485 iracundiam
845 420 946 503 regis,
973 422 1006 482 et
1033 418 1081 483 uti

66 536 102 579 sc
127 511 374 578 obsecutoribus
399 511 439 574 ad
463 511 582 594 cupita.

159 600 192 666 3.
230 600 339 684 Atque
366 600 413 663 ita
440 599 522 662 fines
550 597 664 662 Indiae
691 597 849 682 ingressis
877 596 965 661 obvii
992 595 1082 660 fuero
1101 600 1135 656 11.

66 691 186 776 legati,
217 711 299 774 quos
330 709 386 752 rex
412 687 516 752 Porus
546 686 585 750 ad
615 686 834 752 Alexandrum
862 707 934 750 cum
962 685 1081 749 litteris
1101 677 1127 727 4·

67 781 211 864 miserat,
235 798 371 861 quarum
396 777 556 840 sententia
579 773 658 840 haec
681 779 765 839 erat:
790 774 903 840 ‘Porus
926 795 983 838 rex
1005 773 1114 838 Alo-e

66 868 190 932 xandro
215 866 294 930 dicit
316 865 405 929 haec.
450 864 636 930 Incursanti
663 863 894 947 infestantique
916 863 978 926 tibi
1000 863 1081 927 fines

68 979 106 1022 ac
124 955 273 1021 civitates
296 975 384 1018 meas
403 954 531 1031 mando,
555 953 747 1035 Alexander,
770 952 914 1036 dicoque,
938 950 985 1015 uti
1008 973 1082 1016 cum

67 1050 101 1109 te
119 1043 286 1109 hominem
304 1043 499 1124 memineris,
520 1041 604 1106 nihil
623 1041 667 1125 ad
686 1041 763 1106 deos
782 1040 995 1105 inconsultius
1014 1060 1081 1103 mo-

54 1135 157 1198 ·liare.
203 1131 316 1216 Neque
340 1131 426 1196 enim
450 1151 587 1214 urguere
615 1134 648 1195 te
672 1130 791 1194 debent
817 1129 858 1193 ad
887 1150 965 1194 ausa
982 1134 1081 1193 teme·
1096 1149 1122 1190 ro

67 1221 157 1286 raria
179 1221 330 1285 fortunae
353 1220 520 1285 hominum
539 1219 789 1285 imbecilliorum
812 1219 1010 1305 hortarique,
1033 1221 1082 1285 uti

67 1311 166 1375 Indos
186 1311 338 1393 incessas,
362 1309 448 1392 quod
471 1309 534 1373 tibi
552 1309 651 1373 fuerit
670 1307 705 1372 in
722 1308 841 1373 Persas
859 1308 993 1373 fortuna
1010 1332 1082 1393 pro-

67 1399 192 1464 clivior.
237 1396 312 1463 Non
337 1398 425 1462 enim
452 1402 485 1461 te
513 1419 553 1461 ex
580 1419 618 1462 eo
646 1398 752 1462 iuvari
782 1401 876 1481 aucta
904 1399 1083 1484 speraverit

67 1488 174 1552 virtus
198 1493 264 1565 tua,
288 1487 524 1569 cumprimum
546 1486 650 1550 nostri
674 1487 798 1569 ceperis
818 1488 1081 1571 experimentum.

67 1575 166 1640 Patet
189 1576 308 1660 quippe
332 1576 435 1640 cuivis
458 1596 564 1658 nosse,
587 1575 658 1659 quis
682 1574 737 1639 ille
761 1575 822 1640 sim
845 1575 957 1659 Porus,
984 1581 1016 1641 et
1040 1598 1082 1641 an
1096 1597 1122 1640 rc

67 1665 131 1729 ulli
155 1664 324 1729 adversum
347 1685 407 1728 nos
430 1663 558 1727 licuerit
581 1665 717 1746 experiri
739 1663 939 1743 fortitudine,
963 1666 1081 1751 quippe

69 1754 125 1837 qui
148 1774 214 1816 non
232 1752 382 1818 homines
405 1752 512 1835 m0d0,
535 1775 646 1817 verum
670 1753 769 1817 etiam
788 1753 864 1818 deos
883 1754 1006 1819 viribus
1027 1776 1081 1818 an·

67 1845 234 1906 testemus.
278 1841 402 1918 Quibus
421 1842 482 1906 diis
501 1840 700 1905 inefficacem
720 1841 885 1907 audaciam
904 1842 1004 1906 fuisse
1027 1842 1081 1907 ad·

67 1952 198 1995 versum
224 1952 284 1995 nos
313 1931 508 1995 documenta
537 1933 613 1993 sunt
635 1929 863 2013 antiquissima
886 1931 937 1995 vel
960 1935 1079 2012 restra,

68 2017 188 2102 quippe
212 2041 285 2083 cum
307 2019 402 2083 illum
424 2019 531 2102 ipsum
555 2017 709 2082 Liberum
732 2023 888 2101 restrum,
915 2019 970 2101 qui
995 2018 1080 2100 apud
1095 2041 1122 2080 ao

68 2130 128 2172 vos
160 2107 237 2172 deus
268 2108 486 2191 existimetur,
516 2112 636 2171 temere
666 2107 702 2169 in
731 2106 812 2170 haec
842 2108 1080 2189 inrumpentem

68 2196 197 2260 irritum
226 2200 475 2280 superatumque
503 2196 579 2261 hinc
607 2194 680 2259 Indi
700 2195 744 2259 in
772 2195 885 2281 fugam
915 2196 1082 2260 verterint.

69 2284 176 2360 Quare
204 2306 270 2349 non
294 2285 389 2350 modo
413 2284 547 2363 suade0‚
574 2306 686 2349 verum
714 2284 809 2349 iubeo
838 2306 963 2370 quoque
992 2285 1081 2350 abiro
1101 2294 1126 2346 5.

67 2377 101 2437 te
125 2373 201 2437 hinc
225 2373 266 2437 ad
289 2377 363 2439 tuas
387 2372 541 2438 Graecias
565 2379 754 2439 contentum
779 2372 871 2438 Darii
892 2373 1026 2440 fortuna
1049 2378 1082 2439 et

67 2462 203 2545 paribus
231 2463 384 2546 gentibus
412 2462 599 2547 viribusque
627 2463 669 2528 ad
696 2463 789 2527 illam
815 2463 914 2528 vestri
940 2465 1081 2530 nominis
1096 2483 1122 2525 aa

69 2550 335 2616 mediocritatem.
381 2550 494 2635 Neque
523 2552 609 2616 enim
638 2552 665 2616 si
693 2551 789 2616 nobis
813 2550 949 2629 Graecia
973 2557 1082 2619 vestra

68 2659 152 2722 opus
175 2640 269 2720 foret,
292 2662 357 2705 non
382 2640 460 2705 olim
484 2645 579 2725 atque
603 2643 678 2705 ante
701 2639 828 2704 Xerxae
852 2644 984 2705 conatus
1009 2642 1080 2705 sub-

68 2731 144 2792 acta
173 2727 263 2792 Indis
292 2728 386 2794 foret.
439 2728 615 2794 Enimvero
647 2728 802 2813 quoniam
832 2728 958 2793 inutilis
988 2729 1082 2794 nobis

162 2908 175 2955 1
195 2905 225 2956 et
242 2918 292 2957 om.
314 2903 348 2957 P.
385 2902 591 2972 poenitentiam
609 2902 752 2973 fatigabat
769 2902 804 2957 B.
878 2908 894 2956 3
913 2917 974 2956 sese
992 2903 1028 2957 B.

159 2973 188 3028 3.
221 2973 375 3043 4ingressi
392 2974 541 3044 —legatis
565 2975 596 3027 P.
677 2979 811 3042 sportas
832 2975 863 3028 P.
889 2973 938 3039 (sic
961 2976 1082 3041 semper).

70 3050 86 3098 ‘1
106 3044 175 3098 fines
194 3044 318 3100 civitatis
337 3061 416 3100 meae
435 3045 469 3100 P.
498 3061 558 3099 mee
578 3045 612 3099 B.
683 3051 700 3100 8
720 3045 816 3112 utique
835 3061 902 3099 corr.
921 3059 955 3097 ex
973 3043 1027 3098 tibi
1045 3045 1081 3097 B.

71 3121 105 3169 10
124 3131 243 3183 urguere
262 3117 297 3170 A.
327 3132 444 3185 arguere
463 3117 539 3172 RB.
577 3133 663 3172 causa
681 3117 716 3170 B.
775 3122 806 3170 11
826 3113 1031 3168 imbecillorum
1050 3114 1082 3168 P.

71 3192 105 3240 13
124 3188 208 3240 aucta
226 3186 258 3240 P.
291 3188 342 3242 aut
360 3186 395 3242 A.
429 3191 479 3241 aut
497 3186 665 3256 aspiraverit
684 3188 718 3242 B.
804 3191 836 3239 15
855 3185 915 3254 quis
933 3201 984 3242 om.
1007 3185 1083 3241 RB.

69 3259 102 3312 ἀπ
116 3258 152 3311 A.
167 3273 300 3326 superscr.
346 3276 382 3313 an
396 3257 538 3328 ullina't.
557 3259 757 3314 nulliA.P.B.
797 3263 829 3310 16
848 3255 966 3325 experiri
975 3257 1083 3324 scripsi.

70 3345 106 3383 ex
127 3330 205 3385 codd.
243 3328 347 3400 quippe
372 3328 420 3396 qui
444 3331 476 3384 P.
484 3331 518 3385 B.
548 3329 651 3399 quippe
676 3333 710 3383 A.
795 3334 828 3381 21
852 3328 1024 3398 irrupentem
1047 3328 1084 3382 A.

70 3405 105 3454 28
124 3399 208 3455 iubeo
227 3417 339 3468 quoque
358 3401 393 3456 A.
419 3400 558 3469 iubeoque
578 3401 610 3455 P.
648 3407 683 3454 24
702 3401 893 3467 contemptum
913 3399 947 3452 P.
985 3405 1020 3453 25
1039 3417 1083 3451 ur·
1109 3410 1120 3425 0

69 3469 208 3595 bibusqqe
219 3473 276 3596 RB
283 3472 368 3526 vestri
379 3474 414 3525 A.
434 3477 555 3526 vestram
566 3472 599 3527 P.
618 3472 670 3526 illa
682 3471 804 3525 muriB.
835 3475 873 3523 ‘dl
888 3473 1014 3522 sonabas
1026 3468 1105 3518 ss-

69 3557 128 3611 quc
146 3559 182 3597 na
197 3558 228 3596 cs
275 3579 281 3594 .

113 3639 200 3682 Ivarus
216 3641 355 3688 Veranius.
957 3625 984 3669 Q
