2414 3826
327 193 443 247 PRIMA
463 191 664 248 RESPONSIO
683 191 832 246 DINDIMI
1025 189 1089 254 179

80 379 200 440 suaque
232 357 330 420 nimis
361 355 574 419 similitudine
604 355 792 420 delectatur.
840 355 927 419 Nam
956 353 1091 418 verbum

79 447 156 510 deus
185 449 247 523 est,
275 445 338 509 hoc
365 443 520 508 mundum
549 444 683 526 creavit,
710 444 772 508 hoc
800 445 886 530 regit
912 446 1008 528 atque
1032 443 1092 507 alit

78 534 203 616 omnia,
234 532 296 598 hoc
325 555 386 597 nos
417 554 623 616 veneramur,
654 532 717 596 hoe
748 530 927 617 diligimus,
960 553 999 596 ex
1027 531 1091 596 hoo

79 623 231 707 spiritum
254 621 429 700 trahimus,
457 620 613 704 siquidem
642 620 710 703 ipse
737 620 814 685 deus
838 621 970 704 spiritus
994 624 1092 704 atque

78 733 170 775 mens
199 714 257 774 est.
302 709 412 793 Atque
439 709 512 774 ideo
540 731 604 772 uon
632 709 771 774 terrenis
799 709 920 774 divitiis
947 731 1007 775 nec
1029 710 1119 774 lar-s

80 800 183 884 gitate
208 799 376 880 munifica,
402 799 459 861 sed
488 797 648 880 religiosis
678 798 828 881 operibus
857 801 890 862 et
912 799 1092 882 gratiarum

80 889 207 953 actione
226 887 384 970 placatur.
424 885 629 970 Quapropter
647 886 783 950 nimium
804 887 955 950 excordes
978 908 1036 952 vos
1061 891 1093 951 et

78 976 282 1041 miserabiles
301 976 491 1059 iudicamus,
514 975 570 1058 qui
589 975 749 1059 originem
768 979 910 1039 vestram
933 996 1001 1038 non
1024 996 1092 1038 sus·

80 1066 188 1150 cipitis
222 1086 292 1128 esse
325 1065 499 1128 caelestem
532 1084 748 1148 magnamque
782 1085 853 1127 cum
883 1062 942 1127 deo
973 1062 1093 1126 habere

80 1154 320 1238 cognationem,
344 1152 399 1216 sed
424 1152 627 1237 splendorem
652 1152 779 1235 generis
803 1151 905 1215 vestri
928 1151 1025 1214 rebus
1047 1151 1089 1214 vi·
1107 1173 1133 1213 10

52 1289 53 1295 κ
79 1243 213 1307 lissimis
244 1241 440 1324 obfuscatis,
473 1241 591 1324 quippe
622 1241 739 1324 quibus
770 1240 911 1305 maxima
940 1240 1092 1323 voluptas

79 1332 114 1395 in
138 1352 232 1394 carne
256 1333 313 1394 est.
350 1329 444 1394 Hanc
467 1329 594 1411 fovetis,
612 1329 697 1393 hano
721 1329 838 1412 colitiS,
860 1328 944 1393 hanc
964 1328 1092 1412 amatis,

80 1421 169 1484 cuius
194 1421 244 1482 est
272 1423 304 1481 et
330 1418 542 1482 contrectatio
566 1419 704 1482 viventis
732 1418 857 1483 incesta
885 1421 918 1481 et
941 1418 1092 1502 contagio

79 1508 248 1571 morientis
267 1506 437 1589 horrenda,
461 1508 495 1570 in
514 1507 605 1571 cuius
624 1508 736 1571 usibus
756 1508 917 1571 elementa
935 1512 1093 1571 vexantur

79 1601 113 1660 et
135 1597 274 1660 mundus
299 1595 486 1659 exhibendis
505 1596 633 1660 laborat
656 1596 828 1679 obsequiis.
866 1595 911 1659 Et
934 1593 1019 1679 quod
1043 1598 1093 1659 est
1108 1615 1133 1657 15

80 1684 321 1768 vehementiae,
349 1684 475 1748 audetis
499 1684 599 1748 etiam
623 1683 715 1748 deum
740 1685 841 1749 caesis
866 1685 1017 1748 carnibus
1041 1705 1094 1747 ex-

81 1774 170 1857 piare
189 1774 375 1857 cultumque
394 1772 563 1855 religionis
587 1794 654 1835 non
677 1771 742 1855 uni,
765 1773 820 1856 qui
844 1772 932 1836 solus
957 1776 1015 1855 est,
1039 1772 1093 1836 sed

81 1861 242 1946 plurimiS,
267 1861 321 1944 qui
344 1882 410 1925 non
433 1860 607 1943 habentur,
631 1861 808 1942 exsolvitis,
835 1864 867 1924 et
889 1860 924 1922 in
946 1859 1009 1924 hoe
1033 1861 1092 1923 sci-

80 1949 156 2014 licet
185 1974 203 2014 a
231 1971 326 2014 carne
355 1949 491 2033 decepti.
537 1947 623 2013 Nam
651 1949 814 2012 homiuem
843 1948 999 2012 mundum
1024 1969 1094 2011 esse

80 2061 216 2122 parvum
242 2038 356 2121 dicitis,
381 2042 414 2101 et
438 2037 521 2101 sicut
544 2037 578 2100 in
602 2058 640 2101 eo
664 2037 880 2119 multiplicata
904 2039 979 2099 sunt
998 2057 1135 2099 mem-ao

81 2128 139 2190 bra
164 2126 335 2211 disposita,
363 2127 410 2190 ita
433 2125 540 2190 varios
569 2125 645 2189 deos
668 2125 791 2209 fingitis
821 2126 855 2188 in
880 2125 967 2189 eaelo
992 2125 1092 2189 consi·

82 2219 177 2299 stere,
196 2237 332 2299 quorum
351 2215 523 2297 unicuique
545 2213 688 2278 diversas
707 2218 815 2297 partes
829 2212 930 2278 vestri
949 2212 1093 2296 corporis

81 2303 260 2385 deputatis,
291 2307 324 2366 et
351 2303 531 2367 familiares
567 2303 704 2389 singulis
735 2303 883 2367 victimas
917 2302 1094 2366 immolatis

81 2395 113 2454 et
131 2393 290 2457 vocabula
313 2391 378 2455 illis
403 2392 563 2476 exquisita
586 2391 748 2456 tribuistis
773 2394 952 2456 asserentes
976 2391 1094 2456 Miner·

80 2502 155 2543 vam
179 2481 295 2564 capitis
320 2503 428 2546 arcem
447 2485 561 2566 utpote
581 2482 775 2566 sapientiam
794 2485 914 2564 tenere,
937 2479 1093 2546 lunonem
1109 2500 1145 2570 aa,

81 2569 265 2633 iracundiae
288 2571 525 2654 praesidentem
546 2570 735 2656 praecordia
757 2569 931 2654 possidere,
954 2568 1093 2634 Martem

171 2781 249 2832 aest
266 2794 317 2834 om.
332 2778 367 2832 L.
412 2783 570 2832 anensem
584 2778 618 2833 L.
648 2777 806 2833 estom.L.
839 2777 879 2831 sie
898 2777 1012 2846 quidem
1031 2778 1093 2848 ipse

80 2850 149 2903 deus
169 2848 284 2918 spiritua
304 2851 417 2904 sanctus
441 2866 474 2902 ex
498 2850 577 2917 patre
597 2851 626 2902 et
643 2848 701 2903 filio
720 2847 848 2917 procedit
870 2849 954 2916 atque
972 2848 1038 2902 ideo
1061 2847 1092 2904 V.

78 2920 246 2974 interranis
271 2920 306 2974 R.
380 2919 557 2990 6muuifica]
581 2935 726 2972 munerum
749 2919 785 2975 R.
858 2919 1037 2973 8mirabiles
1056 2919 1092 2974 B.

81 2998 114 3045 10
135 2991 336 3061 cogitationem
355 2990 391 3045 L.
428 2991 523 3058 rebus]
543 2990 643 3058 opibus
662 2988 692 3044 V.
767 2994 800 3042 13
820 2988 899 3045 euius
919 2992 961 3044 est
980 2993 1009 3043 et
1027 3006 1092 3044 con-

79 3063 212 3116 trectatio
232 3060 352 3117 viventis
376 3060 484 3116 incesta
508 3063 537 3114 et
560 3061 691 3130 contagio
714 3060 859 3115 morientis
883 3061 1022 3115 horrenda
1041 3059 1093 3129 (in-

80 3135 158 3188 cesta
176 3139 202 3187 et
219 3134 359 3188 horrenda
376 3135 408 3187 iu
425 3133 537 3199 rasura)
553 3129 584 3188 V.
622 3131 700 3185 cuius
719 3134 748 3186 et
766 3130 952 3186 contrectatio
971 3131 1093 3186 viventis

78 3204 217 3274 (vivendis
242 3205 289 3273 L.)
314 3204 454 3258 horrenda
476 3202 519 3256 est
542 3205 572 3257 et
594 3202 724 3271 contagio
748 3202 893 3257 morientis
916 3203 1024 3256 incesta
1046 3207 1092 3256 eet.

82 3281 116 3329 14
135 3275 320 3330 elementaB.
341 3275 530 3329 emolumenta
540 3278 586 3329 cet.
635 3279 666 3327 17
687 3274 761 3328 solus
781 3275 824 3329 est
842 3275 910 3328 deus
919 3272 951 3327 V.
998 3278 1032 3327 20
1052 3274 1093 3327 di·

80 3344 144 3401 citis
167 3345 240 3400 V.B.
269 3346 388 3401 dicimus
406 3346 439 3400 L.
449 3344 524 3400 ΗΕ.
562 3350 594 3398 21
615 3343 684 3398 item
697 3345 773 3407 alios
791 3346 827 3400 B.
865 3351 898 3399 22
919 3345 1043 3398 diversas
1061 3344 1097 3400 L.

83 3415 188 3471 divisas
211 3424 258 3473 cet.
332 3424 365 3472 23
386 3415 542 3486 deputastis
565 3415 600 3469 R.
637 3415 791 3470 familiares
816 3415 851 3471 R.
880 3414 1042 3470 familiarite
1067 3416 1105 3465 L.

82 3488 250 3543 familiarius
265 3495 312 3544 cet.
341 3487 462 3543 victimis
471 3489 506 3542 L.
534 3486 706 3542 immolastis
717 3486 756 3543 R.
789 3491 833 3541 Ἃ
844 3485 948 3539 'axum
977 3488 1024 3533 ‘18³
1036 3491 1126 3542 affl·

83 3557 170 3613 sidem
189 3559 225 3613 a.
252 3559 411 3634 possidere]
431 3562 530 3618 tenere
550 3559 589 3618 B.
977 3631 999 3662 a
