2414 3826
131 184 197 248 154
547 181 657 238 LIBER
674 182 722 237 Ill.

131 368 323 412 coronamus
354 366 474 409 corona
507 367 605 410 aurea
638 369 761 430 annua,
793 367 875 430 quae
908 348 951 411 sit
982 347 1146 432 ponderis,

132 438 252 519 quanto
276 439 312 497 tu
330 435 474 499 iusseris.
517 432 620 517 Super
638 435 699 517 his,
723 435 809 519 quod
829 436 972 519 mavelis,
996 435 1146 520 scribit03

130 546 190 588 nos
220 523 321 604 enim,
352 522 380 587 si
410 544 502 587 secus
533 523 666 605 sederit,
697 527 825 607 praeter
854 546 984 588 amnem
1014 525 1051 588 in
1080 526 1147 589 acie

131 610 370 697 deprehendes?

103 722 117 762 e
220 697 278 765 46.
303 700 400 765 Hisce
423 721 479 763 rex
497 700 590 765 lectis
610 701 789 766 delectatus
814 701 989 766 admodum
1009 701 1057 766 sic
1100 705 1189 760 xxvi

130 788 312 872 respondit:
333 787 409 864 ‘Qui
427 791 534 852 terrae
554 790 713 853 ambitum
730 789 919 873 diligentius
939 791 1044 854 mensi
1060 791 1147 871 sunt,
1164 790 1189 841 74

54 889 57 892 “
130 877 225 942 huius
244 878 355 941 mundi
375 877 632 961 magnitudinem
656 879 800 944 universi
823 877 985 942 trifariam
1005 878 1147 943 divisere

130 988 247 1050 easque
270 971 379 1050 partes
403 964 519 1030 Asiam
544 967 591 1030 vel
614 967 781 1053 Europam
806 968 855 1031 vel
880 967 978 1031 etiam
1000 966 1145 1050 Libyam

129 1057 346 1119 nominavere.
392 1054 431 1118 In
459 1054 548 1119 hisce
579 1056 680 1139 igitur
709 1056 858 1140 partibus
886 1056 1048 1121 universis
1079 1058 1147 1119 tro·

89 1163 115 1203 ro
129 1145 235 1229 phaea
250 1166 376 1229 quoque
389 1147 503 1208 nostra
518 1145 710 1227 consistunt,
731 1149 763 1208 et
782 1149 831 1208 est
850 1143 1045 1228 pudendum,
1065 1145 1094 1208 si
1113 1143 1148 1208 in

130 1233 246 1318 quibus
261 1232 352 1297 nulla
367 1232 511 1296 omnium
531 1232 698 1297 obstiterit
714 1233 900 1313 difficultas,
918 1255 937 1296 a
956 1233 1160 1317 cognitione

130 1323 230 1386 vestri
259 1320 360 1385 veluti
389 1320 448 1383 sub
478 1324 583 1384 metus
615 1322 751 1386 infamia
780 1322 984 1386 declinemus.
1038 1320 1146 1397 Quare

130 1413 258 1474 vestrae
291 1409 335 1473 sit
366 1408 547 1492 facultatis,
580 1410 608 1474 si
641 1411 718 1494 quid
750 1412 789 1474 de
822 1411 908 1474 bello
942 1411 1147 1475 consultatis.

130 1498 301 1581 Ceteroqui
325 1497 515 1580 obsequium
539 1502 635 1582 atque
659 1499 839 1564 amicitiam
863 1498 1077 1583 diligentibus
1102 1499 1146 1564 vi·

90 1605 116 1646 ro
130 1587 285 1652 cissitudo
308 1587 413 1649 nostri
437 1607 503 1650 non
523 1587 718 1671 displicebit.
754 1587 867 1672 Neque
890 1609 967 1651 vero
990 1589 1146 1652 resisten-

129 1675 217 1740 tibus
233 1674 367 1740 exitium
388 1674 494 1760 gentis
514 1679 546 1739 et
564 1678 689 1760 patriae
707 1697 812 1761 neque
831 1676 1019 1742 cedentibus
1040 1677 1148 1741 amica

129 1765 316 1829 humanitas
335 1763 509 1829 differetur.
545 1765 741 1848 Progressae
761 1767 872 1849 igitur,
894 1768 970 1829 utra
989 1765 1050 1830 sub
1070 1766 1144 1848 lege
1161 1771 1189 1824 75

128 1854 239 1938 vultis,
263 1857 392 1937 praeter
415 1874 544 1917 amnem
569 1854 610 1918 ad
632 1875 692 1919 nos
711 1854 820 1919 venite
844 1875 1038 1939 omnemque
1061 1853 1147 1918 mul·

128 1943 303 2008 titudinem
327 1945 469 2007 vestram
493 1942 564 2007 illic
591 1943 626 2006 in
649 1942 778 2007 ordines
802 1944 924 2026 ponite.
971 1943 1065 2016 Quod
1089 1942 1146 2020 ubi

89 2049 116 2090 ao
129 2031 229 2097 fuerit
252 2054 290 2096 ex
308 2031 416 2096 forma
434 2031 569 2095 huiusce
588 2032 762 2115 praecepti,
785 2051 845 2115 ego
869 2031 962 2097 vobis
982 2033 1147 2096 Ammona

128 2126 257 2203 patrem
276 2143 384 2184 meum
406 2122 503 2204 atque
521 2118 689 2204 Iunonem,
713 2119 892 2184 Minervam
916 2120 1016 2184 etiam
1035 2120 1147 2184 victri-

129 2231 198 2273 cem
221 2210 307 2290 iuro,
335 2209 417 2273 nihil
441 2209 578 2291 amplius
603 2231 622 2273 a
646 2208 738 2273 vobis
763 2212 878 2273 exaetu
905 2208 960 2289 iri,
988 2229 1086 2292 quam
1118 2211 1146 2273 si

130 2297 206 2379 quid
219 2319 278 2380 pro
293 2296 416 2360 viribus
432 2297 586 2362 offeratis.
622 2296 745 2360 Mittite
761 2319 838 2361 sane
856 2296 897 2360 ad
916 2295 1148 2361 commilitium

128 2384 210 2447 mibi
233 2387 381 2448 strenuas
401 2406 545 2467 quasque
570 2387 705 2469 equites,
729 2389 867 2470 quantas
892 2385 1001 2469 vultis,
1025 2385 1146 2469 quibus

90 2489 116 2530 se
132 2472 269 2556 singulis
293 2472 511 2537 remuneratio
536 2474 598 2537 erit
620 2474 727 2537 minae
753 2475 824 2538 auri
848 2475 988 2559 quinque
1012 2479 1147 2557 praeter

130 2566 246 2646 cetera,
265 2583 347 2647 quae
362 2561 502 2626 adhunc
521 2561 797 2646 magnificentiam
816 2567 1003 2646 congruent.
1031 2562 1146 2627 Enim·

129 2673 206 2716 vero
225 2652 315 2729 istae,
334 2672 414 2735 quas
430 2651 593 2735 miseritis,
612 2651 668 2715 ubi
684 2673 827 2715 aunuum
841 2653 935 2715 nobis
951 2651 1147 2734 obsequium

129 2761 279 2805 emensae
299 2740 373 2824 sint,
398 2741 432 2805 in
451 2741 582 2825 propria
605 2741 823 2822 remittentur,
845 2742 893 2803 uti
912 2762 971 2824 pro
990 2739 1080 2804 hisce
1100 2742 1146 2806 vi·

221 2922 233 2969 1
254 2916 292 2969 sit
314 2932 364 2971 ona
391 2917 424 2970 P.
496 2922 512 2969 2
532 2916 676 2984 Superque
703 2915 736 2968 P.
810 2914 957 2982 epraeter
980 2929 1091 2968 amnem
1115 2914 1146 2969 in

129 2984 190 3040 acie
209 2987 244 3040 A.
277 2985 413 3056 praeterit
431 3003 512 3040 amne
531 2986 687 3040 minatione
710 2984 744 3039 P.

218 3056 266 3112 46.
286 3063 301 3111 5
320 3057 370 3110 His
392 3057 425 3109 P.
482 3064 496 3111 'l
517 3057 600 3111 huius
619 3057 716 3110 mundi
736 3056 838 3111 Voltm.
858 3073 892 3111 ex
910 3058 966 3112 cod.
990 3056 1041 3110 Ox.
1070 3056 1146 3112 eius-

129 3129 205 3181 modi
224 3127 259 3181 A.
268 3128 301 3182 P.
331 3127 487 3181 diviserunt
505 3128 540 3181 A.
583 3128 706 3197 8partis
724 3130 760 3182 A.
803 3128 882 3182 ahie
904 3129 937 3181 P.
980 3134 1014 3181 10
1032 3125 1064 3181 in
1083 3128 1147 3197 qui·

127 3197 180 3252 bus
199 3198 274 3252 A.P.
303 3199 331 3251 in
349 3198 401 3253 del.
421 3196 477 3253 Mr.
540 3204 571 3252 12
592 3197 764 3252 declinemur
782 3199 817 3253 A.
875 3205 906 3252 13
926 3198 1091 3253 faculutatis
1109 3199 1145 3254 P.

129 3268 305 3323 consulitetis
324 3269 360 3323 A.
453 3274 486 3323 14
505 3269 654 3337 Ceteroqui
673 3270 733 3339 (qui
756 3272 872 3333 erasum)
892 3270 927 3324 A.
957 3272 1066 3324 ceteros
1086 3269 1146 3338 qui,

128 3356 197 3394 corr.
221 3357 255 3394 ea
279 3339 379 3394 ceteris
402 3340 451 3408 qui
469 3340 501 3393 P.
577 3348 608 3394 16
630 3339 735 3394 exitum
753 3341 788 3394 P.
817 3339 900 3394 amici
918 3340 951 3394 P.
1027 3346 1060 3396 17
1079 3344 1145 3396 utra

127 3413 236 3478 scripsi.
254 3411 373 3465 ultraA.
383 3410 415 3464 P.
465 3415 500 3465 20
519 3410 601 3465 huius
615 3411 647 3467 P.
697 3419 731 3465 22
751 3413 851 3464 exacto
869 3410 905 3464 iri
918 3411 950 3466 P.
971 3412 1098 3466 exacturi
1107 3413 1144 3468 A.

123 3486 161 3533 23
179 3480 368 3536 commilitum
389 3482 422 3538 P.
466 3487 501 3536 24
520 3498 537 3535 a
556 3483 657 3552 quibus
676 3483 794 3551 singulis
812 3482 848 3536 A.
890 3486 925 3535 26
943 3499 1015 3550 quae
1035 3499 1086 3538 om.
1109 3483 1143 3537 P.

109 3552 321 3619 congruentem
340 3555 377 3611 P.
458 3561 492 3611 27
513 3555 598 3610 vobis
620 3552 656 3610 A.
727 3558 765 3607 28
782 3550 966 3604 remittuntur
985 3553 1020 3602 A.
1040 3552 1093 3604 bis
1113 3555 1147 3607 P.
