2414 3826
146 165 190 230 32
578 162 688 219 LIBER
705 164 727 220 I.

143 332 232 393 tatus
261 347 390 391 omnem
412 325 547 410 Libyam
575 328 739 410 peragrat.
784 324 899 407 Itaque
923 325 964 389 ad
986 326 1160 410 Ammona,

145 417 201 500 qui
228 416 300 480 loco
329 416 456 480 deserto
480 414 626 499 Aegypti
653 414 849 496 celebratur,
876 414 947 496 ipse
976 415 1161 500 contendit3

66 556 70 566 .
144 505 307 569 enimvero
327 504 485 568 exercitus
503 502 747 569 multitudinem
762 501 900 568 navibus
921 503 1160 586 superpositam

145 592 287 657 Pharum
306 592 457 657 destinat.
500 591 574 676 Ipse
598 612 675 677 ergo
700 589 863 656 Ammona
885 594 1058 656 veneratus
1083 614 1160 676 ope-

117 685 298 765 sratnsque
321 681 517 766 largioribus
541 680 661 744 ibidem
684 679 852 745 sacrificiis
873 679 1073 762 praesidium
1098 680 1161 745 sibi

145 771 251 854 operis
272 773 305 834 et
321 773 511 854 coeptorum
525 770 624 834 veluti
644 791 663 834 a
681 769 741 834 deo
760 771 853 852 patre
868 768 1023 852 deposcit,
1041 769 1161 853 quippe

145 861 214 924 eius
242 858 372 923 fabulae
396 861 507 942 tenax,
535 857 621 943 quod
644 857 777 923 huiusce
801 856 853 921 dei
876 879 950 923 cnm
973 861 1079 928 matre
1102 880 1161 941 per

145 949 308 1014 somnium
331 947 430 1013 fuerit
453 945 651 1032 coniugatio.
693 945 754 1010 His
778 945 914 1030 denique
933 946 1041 1011 verbis
1065 946 1160 1011 deum

145 1038 308 1102 convenit:
332 1035 376 1103 ‘0
399 1039 493 1120 pater
516 1033 683 1119 Ammon,'
707 1034 826 1119 inquit,
852 1033 897 1099 ‘si
920 1034 997 1119 quid
1020 1036 1162 1101 materni

105 1147 131 1187 ro
146 1126 279 1191 seminis
303 1130 354 1191 est
376 1147 502 1204 verum,
531 1146 631 1208 eaque
659 1127 763 1189 mater
792 1126 967 1207 conceptus
990 1124 1098 1188 nostri
1122 1147 1161 1189 ex

99 1254 102 1258 ι
144 1219 177 1279 te
200 1215 397 1300 principium
421 1218 471 1278 est
490 1213 614 1295 sortita,
638 1234 758 1297 quaeso
781 1213 830 1277 uti
850 1212 939 1277 istud
960 1212 1160 1296 adstipulere

71 1363 74 1369 .
143 1304 307 1387 praesenti
340 1322 455 1385 meque
487 1305 524 1365 ut
554 1302 659 1366 filium
690 1300 858 1385 praestes?
910 1300 1016 1386 Igitur
1045 1300 1161 1366 doctus

144 1391 348 1456 evidentibus
378 1390 512 1454 monitis
535 1412 602 1455 non
625 1391 748 1474 absque
772 1411 849 1455 cura
873 1390 922 1454 sui
946 1411 1017 1454 esse
1039 1412 1161 1455 numen

144 1480 239 1563 illud,
270 1482 303 1543 et
329 1479 488 1562 templum
517 1478 576 1544 deo
606 1479 773 1563 operosius
802 1483 835 1543 et
863 1479 1033 1564 augustius
1060 1478 1162 1543 fabri-

105 1587 130 1628 15
146 1571 237 1632 catur
266 1571 299 1632 et
326 1568 366 1632 acl
394 1567 592 1651 prodendam
620 1567 781 1633 militibus
810 1567 1038 1632 confidentiam
1067 1567 1162 1632 Patri

145 1655 299 1721 Ammoni
336 1656 369 1720 id
407 1677 440 1720 se
476 1657 592 1721 fecisse
628 1657 841 1740 inscriptione
872 1659 1020 1722 testatur.
1076 1656 1161 1721 Tum

144 1766 337 1828 responsum
365 1744 465 1809 etiam
495 1745 634 1830 quaesiit
662 1768 681 1811 a
710 1744 782 1823 deo,
812 1744 925 1829 ecquid
954 1744 1017 1809 sibi
1046 1765 1162 1810 monu-

145 1838 290 1899 mentum
318 1834 446 1917 imperii
476 1834 525 1899 sui
554 1834 750 1918 aliquotiens
778 1834 961 1898 instaurare
983 1833 1035 1899 fas
1064 1837 1161 1900 esset.

145 1923 264 1989 Animo
294 1923 414 2007 quippe
443 1927 634 2006 conceperat
661 1923 751 1988 urbis
775 1945 872 2006 quam
899 1923 1060 1987 maximae
1084 1944 1161 1988 con-

105 2013 259 2079 aditum.
304 2011 392 2095 Ergo
416 2034 475 2096 per
498 2013 660 2078 somnium
688 2012 734 2076 sic
757 2011 901 2077 eiusdem
929 2011 980 2075 dei
1006 2011 1161 2096 adloquio

83 2150 86 2153 .
144 2102 278 2167 fruitur:

268 2205 345 2259 Haec
363 2204 431 2271 tibi,
450 2221 512 2272 rex,
531 2203 659 2260 Phoebus
678 2203 783 2258 lunatis
802 2203 932 2258 cornibus
951 2200 1016 2256 edo:

269 2276 379 2329 Nomen
398 2274 422 2329 si
440 2274 535 2345 pergis
555 2292 626 2330 aevo
646 2275 787 2331 celebrare
805 2274 935 2344 perenni,

270 2345 342 2400 Urbs
360 2345 415 2400 tibi
434 2347 579 2401 condenda
596 2347 654 2414 est,
673 2363 730 2414 qua
748 2347 806 2400 stat
823 2344 936 2400 Proteia
954 2343 1055 2411 tellus,

105 2435 131 2476 25
269 2414 414 2472 Praesidet
432 2419 461 2472 et
479 2434 583 2472 numen
601 2417 647 2472 cui
666 2416 730 2472 Dite
748 2415 891 2486 potentius
910 2416 988 2486 ipso,

268 2486 381 2542 Vertice
400 2486 592 2557 quinqueiugo
610 2504 703 2542 rerum
721 2488 830 2542 secreta
848 2487 1016 2556 gubernans.

233 2609 281 2666 23.
303 2617 316 2664 1
333 2611 497 2665 athamonia
514 2612 546 2666 P.
576 2627 727 2667 ammonan
744 2618 772 2665 ’1.
831 2617 847 2665 2
867 2611 929 2665 loco
949 2610 1051 2665 Ebert.
1079 2609 1160 2664 locus

146 2679 229 2735 Oodd.
263 2682 374 2736 deserta
394 2681 428 2735 P.
470 2681 687 2738 3multitudine
704 2683 823 2738 navibus
841 2681 973 2750 impositu
991 2686 1019 2734 2.
1056 2685 1160 2750 40pe·

144 2754 277 2819 ratusque
287 2752 320 2806 P.
340 2751 520 2822 operatisque
529 2754 565 2808 A.
597 2769 755 2808 ammonem
770 2754 976 2823 generatusque
990 2750 1160 2821 largioribus

143 2821 249 2876 ibidem
273 2821 397 2892 praediis
416 2829 443 2877 2,
477 2824 511 2891 cf.
531 2824 627 2879 Haase
647 2825 765 2880 Miscell.
784 2823 855 2893 phil.
875 2824 918 2876 ΙΙ
930 2840 961 2893 p.
976 2827 1020 2878 19.
1053 2821 1160 2876 ibidem

144 2910 194 2948 om.
214 2893 292 2948 ΑΡ.
363 2896 482 2949 'Itonax
500 2911 551 2950 om.
570 2901 597 2951 ’1.
627 2895 709 2950 huius
728 2896 760 2950 P.
829 2896 956 2949 amator
974 2891 1110 2948 sermonis
1131 2898 1159 2947 2.

145 2970 179 3020 10
198 2979 231 3019 ea
251 2980 305 3032 que
320 2964 353 3019 P.
392 2969 423 3018 11
444 2965 656 3036 adstipulator.
682 2966 837 3048 astipulare
850 2966 886 3020 A.
910 2964 1064 3034 astipulare
1078 2979 1159 3032 prae-

145 3037 241 3090 sentis
262 3035 296 3091 P.
367 3041 400 3090 13
419 3052 476 3090 non
495 3037 601 3106 absque
620 3055 721 3092 numen
739 3036 813 3090 illud
832 3053 892 3092 esse
911 3053 1006 3091 curam
1025 3034 1068 3089 sui
1088 3036 1159 3091 Μ.

145 3123 211 3160 cura
222 3107 257 3160 P.
278 3109 377 3175 (cetera
393 3108 569 3178 sioctT.A.);
587 3110 735 3164 emendavi.
779 3114 811 3162 16
832 3124 861 3162 se
880 3123 931 3163 om.
941 3108 976 3161 A.
1020 3111 1052 3160 1⁷
1073 3122 1159 3173 quae-

144 3178 193 3232 siit
219 3184 246 3231 2.
289 3177 398 3245 quaesit
428 3179 463 3233 P.
504 3179 663 3247 quaesitum
690 3180 726 3235 A.
788 3178 913 3246 etquid
941 3184 968 3232 2.
977 3178 1010 3232 P.
1037 3193 1092 3245 quo
1121 3177 1157 3231 A.

145 3253 179 3302 18
198 3248 369 3317 aliquotiens
388 3255 416 3304 2.
446 3248 563 3319 aliquod
581 3251 659 3307 AP.
720 3257 752 3304 19
772 3249 820 3320 qui
842 3266 876 3319 pe
894 3249 931 3304 A.
939 3249 972 3303 P.
1003 3263 1115 3317 quoqne
1130 3253 1158 3302 1¹.

145 3325 179 3372 20
198 3320 257 3375 eius
277 3319 344 3374 nP.
388 3326 422 3375 22
441 3320 571 3376 Phoebus
590 3321 647 3376 Mr.
673 3323 788 3392 (Φοῖβος
834 3322 925 3390 racc).
949 3319 1064 3375 Phoebe
1082 3317 1158 3374 A.P.

144 3389 251 3446 Phoebi
271 3390 356 3446 Mad.
390 3391 516 3447 Phoebes
537 3392 624 3448 Mau.
727 3399 760 3448 23
779 3390 875 3463 pergis
898 3391 966 3447 nP.
1000 3405 1103 3461 pergas
1121 3388 1158 3445 A.

125 3465 179 3538 ,25
199 3461 266 3515 ditis
280 3461 378 3516 mundi
390 3462 572 3532 potentius'r.
579 3464 613 3520 P.
647 3464 828 3535 (laceramque
841 3468 906 3533 post
924 3478 1015 3518 ocreas
1029 3463 1159 3532 loquatur

127 3543 161 3577 m
180 3529 251 3581 M.
272 3547 360 3600 usque
375 3535 462 3605 adp.
479 3539 525 3608 43,
534 3538 584 3608 22,
602 3536 701 3594 deserat
719 3536 753 3593 io
771 3535 804 3591 P.
