2414 3826
417 164 535 222 acius
553 164 776 223 ALEXANDRL
1048 165 1091 230 87

80 329 231 412 dicimus,
259 328 338 393 solis
365 349 436 393 esse
464 329 683 413 militandum,
712 329 768 413 qui
791 351 919 395 cursum
942 329 1094 394 noverint

81 418 122 484 ad
146 417 381 501 insequendum
409 417 537 481 hostem
563 418 673 501 potius
698 439 797 501 quam
824 417 865 483 ad
887 418 1021 501 periculi
1043 417 1091 482 fu·

79 527 167 592 gam.
218 505 321 580 Quam
355 527 427 570 cum
459 509 615 590 perpetuo
647 506 888 590 ignoraveritis,
921 506 998 572 deos
1031 526 1091 591 ego

79 595 175 662 vobis
198 594 398 659 immortales
416 593 555 677 polliciti
578 615 615 658 ac
634 595 704 679 spei
721 616 813 660 meae
830 595 929 659 vades
948 595 1092 677 dixerim,

80 683 165 750 nihil
185 683 316 748 omnino
335 703 431 766 posse
450 682 572 748 oboriri
594 682 826 767 impedimenti,
849 684 927 768 quin
947 684 975 748 si
994 684 1119 748 solitas

79 772 175 839 vobis
190 771 329 836 utamini
345 768 544 855 fortitudine,
558 771 700 835 debitam
709 771 880 836 victoriam
894 771 1092 856 capessatis?

80 861 134 926 Ad
157 860 237 925 haec
256 858 433 924 Alexandri
454 858 553 923 verba
576 862 609 923 et
630 859 724 924 favor
745 860 887 924 militum
910 865 943 925 et
966 861 1092 926 animus

70 950 240 1015 excitatus
272 947 356 1012 nihil
389 947 520 1013 omnino
553 950 681 1032 praeter
711 947 866 1012 victoriae
900 948 1093 1014 desiderium

79 1038 344 1119 celeritatemque
367 1039 567 1121 conceperat.
761 1061 765 1068 ·

171 1123 235 1189 Sed
258 1125 343 1189 enim
366 1145 439 1190 cum
463 1125 569 1189 omnis
587 1123 680 1189 Darii
702 1124 861 1189 exercitus
884 1123 1020 1209 propter
1038 1124 1091 1188 Ti·
1106 1146 1132 1188 ro
1178 1160 1185 1170 ·

82 1213 185 1300 gridis
200 1213 327 1279 alveum·
339 1213 465 1278 locatus
481 1213 654 1279 adventum
664 1212 878 1278 Macedonum
892 1216 1093 1297 exspectaret

79 1324 142 1368 nec
157 1302 400 1368 cunctabundus
410 1301 594 1367 Alexander
608 1303 675 1367 acie
689 1303 850 1367 instructa
865 1324 935 1367 sese
944 1302 1093 1368 hostibus

81 1391 265 1475 obtulisset,
289 1393 404 1475 coepto
424 1390 576 1456 conflictu
595 1391 795 1474 ferventique
817 1413 852 1456 re
875 1392 991 1457 bellica
1009 1414 1093 1457 unus

81 1502 122 1545 ex
141 1480 248 1545 Persis
272 1479 371 1544 armis
390 1477 604 1546 Macedonicis
627 1479 767 1564 indutus,
791 1481 913 1545 evitata
936 1481 997 1546 hoc
1021 1484 1094 1546 astu

80 1569 301 1653 dinoscentia‚
333 1571 371 1632 ut
399 1571 532 1652 propter
563 1567 807 1633 similitudinem
838 1569 961 1636 scilicet
989 1569 1093 1635 muni·
1108 1590 1134 1632 rs

82 1657 200 1741 menti,
229 1679 248 1721 a
275 1660 369 1742 tergo
393 1656 612 1721 Alexandrum
640 1679 716 1722 ense
743 1657 863 1724 infesto
888 1659 1033 1724 adoritur
1057 1680 1094 1723 ac

80 1746 172 1812 ferit.
215 1743 279 1810 Sed
305 1745 390 1808 ictus
417 1749 551 1828 propter
578 1746 690 1831 galeae
717 1744 941 1810 fortitudinem
962 1748 1094 1812 habitus

82 1835 208 1900 frustra
244 1833 400 1915 dissiluit,
437 1836 471 1898 et
507 1833 546 1898 ad
579 1832 914 1918 comprehendendum
947 1837 1094 1918 protinus

77 1923 189 1989 ‚virum
217 1921 375 1986 satellites
402 1926 579 2005 properant
605 1922 739 2006 regique
768 1943 842 1986 eum
870 1922 1018 1987 offerunt.
1064 1919 1094 1984 A

82 2034 147 2097 quo
167 2032 239 2077 cum
257 2009 441 2075 Alexander
459 2010 649 2093 requisisset
668 2030 781 2074 causas
802 2009 873 2073 ausi
890 2008 996 2092 huius,
1015 2007 1094 2074 ‘Pri-
1109 2031 1135 2072 cc

83 2098 194 2185 mum‚'
217 2100 331 2183 inquit,
355 2097 558 2182 ‘Alexanden
580 2119 684 2181 neque
707 2100 739 2160 te
762 2097 846 2162 clam
870 2096 921 2178 sit,
944 2119 1011 2162 non
1034 2116 1095 2181 ego

82 2211 123 2255 ex
154 2209 288 2253 numero
319 2191 376 2252 tuo
408 2209 495 2270 sum,
526 2187 611 2252 enim
641 2185 838 2252 vestratibus
869 2185 968 2251 armis
997 2185 1097 2251 Persa

83 2278 231 2343 vestitus.
276 2275 398 2341 Verum
422 2297 496 2340 cum
519 2278 664 2359 satrapes
694 2275 768 2359 sim,
796 2274 990 2360 dignitatem
1013 2275 1097 2340 eius-

84 2365 174 2431 modi
197 2365 321 2451 gloriac
346 2365 432 2448 apud
453 2363 590 2429 Darium
612 2363 793 2448 praemium
815 2367 930 2447 pactus
954 2386 1035 2448 sum,
1059 2368 1097 2430 ut

85 2456 113 2519 si
142 2454 314 2519 interfecto
344 2457 378 2518 te
405 2456 516 2518 tantae
541 2453 589 2519 rei
614 2453 839 2537 compendium
864 2475 1098 2537 procurassem,
1111 2473 1138 2517 as
1164 2450 1167 2454 ’

84 2565 158 2608 cum
188 2543 281 2626 regni
311 2545 403 2626 parte
432 2542 533 2607 filiam
565 2563 692 2627 quoque
721 2543 807 2626 regis
841 2543 881 2606 ad
912 2543 1098 2628 coniugium

84 2652 295 2717 promererer.
340 2628 428 2705 Quae
450 2630 596 2714 profecto
619 2629 707 2695 haud
730 2630 826 2694 dubie
848 2630 973 2713 fierent,
996 2631 1031 2694 ni
1053 2635 1099 2695 te·

83 2743 158 2786 cum
182 2719 312 2785 fortuna
335 2719 446 2802 potius
474 2741 571 2803 quam
599 2739 724 2783 mecum
748 2717 913 2782 stetisset?
959 2716 1020 2783 His
1044 2741 1098 2783 au·

85 2809 165 2874 ditis
200 2808 383 2873 Alexander
419 2807 531 2872 multis
565 2828 695 2872 suorum
725 2805 950 2889 praesentibus
980 2807 1099 2871 iterare

84 2920 160 2963 cum
188 2897 279 2962 iubet
302 2916 483 2961 sermonem
505 2895 659 2979 promissi
683 2896 715 2958 et
739 2893 905 2978 audaciae,
932 2894 1098 2960 laudatum
1112 2916 1139 2957 cc

85 2986 222 3070 denique
245 2985 321 3050 fidei
347 3006 384 3049 ac
407 2984 609 3050 fortitudinis
638 2982 678 3047 ad
707 3004 783 3047 suos
812 2983 858 3048 ire
881 2983 986 3064 iubet,
1014 2984 1099 3066 quod

85 3097 160 3140 eum
179 3075 326 3157 exemplo
341 3073 464 3138 strenui
474 3123 482 3140 .
492 3122 500 3140 .
510 3124 518 3140 .
527 3073 681 3156 utilisque
695 3072 861 3157 praecepti
876 3071 963 3156 apud
977 3072 1098 3136 milites

177 3327 195 3375 4
212 3320 298 3376 vades
310 3321 368 3376 Mr.
387 3322 467 3375 vates
476 3320 510 3374 P.
548 3325 563 3374 t
583 3317 664 3374 favor
675 3318 734 3373 Mr.
753 3317 835 3373 fabor
847 3318 879 3374 P.
918 3323 951 3373 18
971 3317 1007 3371 ud
1026 3332 1099 3371 com-

86 3392 403 3463 prehendendumEpc't.
428 3388 722 3459 comprehendendiP.
761 3394 793 3443 19
812 3390 928 3460 regique
947 3404 1011 3442 eum
1020 3387 1098 3456 Epic.

86 3464 149 3532 regi
169 3464 203 3517 P.
241 3468 274 3517 25
294 3477 487 3531 procurassem
506 3461 563 3515 Mr.
587 3461 765 3530 procurasset
784 3461 818 3518 P.
851 3467 887 3516 ‘t‘l
904 3460 1012 3512 hereat
1025 3459 1117 3522 Epa.

86 3533 180 3588 forent
197 3534 231 3586 P.
296 3538 331 3586 32
351 3550 415 3588 eum
434 3533 486 3590 del.
509 3533 570 3593 Ma
