2414 3826
422 155 539 211 AOTUS
559 154 785 211 ALEXANDRI.
1054 158 1095 223 67

82 341 162 405 pare
191 322 297 384 vatem
325 318 559 384 falsidicentiae
587 322 745 402 coeperat.
797 317 920 384 Verum
949 320 988 384 ad
1017 321 1096 386 haec

84 407 247 475 sacerdosr
271 405 332 473 ‘Ne
356 404 455 492 sane,'
478 407 593 492 inquit,
616 406 776 472 ‘moveare
795 407 847 472 his
866 406 970 492 dictis,
994 431 1013 474 o
1033 411 1096 494 vir3

81 520 159 562 nam
186 499 302 563 cuncta
327 495 406 580 ista,
437 516 582 581 quaeque
609 495 796 561 hominibus
822 496 976 562 divinitus
1006 520 1097 582 prae·

81 589 268 669 noscuntur,
292 584 402 669 colligi
426 585 616 650 coniecturis
639 586 903 671 argumentisque
926 587 1093 669 praenosci
1115 615 1128 653 4

82 675 145 739 diis
159 674 258 738 sedet.
289 673 410 757 Accipe
425 673 561 757 denique
577 676 842 757 argumentorum
856 675 934 740 vias.
967 675 1093 761 Quippe
1112 693 1138 744 3.

82 768 119 829 ut
137 763 219 827 illud
238 762 380 828 melioris
400 762 470 845 spei
486 761 672 827 Alexandro
692 761 861 847 diceretur,
884 763 918 828 id
937 766 1094 849 temporis

82 855 327 937 supervenerat,
360 871 423 933 quo
455 850 608 934 insigniri
640 851 740 915 vestis
773 851 900 916 intextu
931 875 1094 937 purpurae

82 942 242 1023 coeperat.
287 939 325 1003 ld
349 939 435 1003 enim
459 939 589 1003 demum
617 937 657 1002 ad
681 945 907 1004 ornamentum
935 942 980 1004 rei
1003 964 1094 1024 prae-

81 1032 214 1112 paratae
238 1028 461 1093 adhibebatur.
504 1026 697 1106 Enimver0,
724 1030 761 1091 ut
785 1028 887 1112 vides,
915 1029 979 1092 iam
1003 1033 1094 1095 textu

80 1117 181 1182 ferme
196 1117 357 1201 completo
377 1120 409 1180 et
427 1114 539 1182 labore
559 1116 663 1181 omnis
689 1115 796 1199 operis
815 1117 964 1183 absoluto
989 1122 1133 1184 tumetra

80 1206 256 1290 ingressus.
306 1204 413 1289 Igitur
441 1205 527 1288 quod
555 1205 619 1271 ista
647 1205 747 1270 vestis
777 1206 817 1270 ab
847 1227 943 1288 opere
971 1206 1092 1272 laboris

79 1316 216 1378 pausam
245 1295 397 1379 haberet,
428 1293 549 1359 idcirco
580 1315 647 1360 nou
678 1293 718 1358 ab
749 1315 784 1357 re
815 1295 921 1359 visum
952 1298 1002 1360 est
1031 1295 1092 1360 tibi

80 1405 204 1469 quoque
223 1383 398 1448 terminum
416 1384 630 1466 magistratus
645 1381 811 1448 futurum'
844 1381 882 1447 Id
902 1405 973 1448 curn
994 1383 1091 1450 altius

79 1473 223 1537 animum
252 1470 447 1557 Stesagorae
480 1472 696 1538 descendisset
726 1471 885 1556 simulque
916 1476 1005 1538 metu
1034 1495 1091 1558 po·

78 1561 202 1626 nendae
235 1563 399 1645 potentiae
430 1564 596 1646 ageretur,
629 1582 692 1644 quo
724 1565 815 1625 vates
849 1562 994 1647 sibimet,
1025 1584 1090 1627 non
1105 1587 1131 1628 15

79 1648 271 1735 Stesagorae
300 1650 462 1714 contraria
485 1649 713 1733 praedixisset,
741 1650 846 1733 ipsam
874 1650 965 1715 illam
989 1672 1091 1716 sacer-

78 1739 167 1804 detio
188 1737 305 1803 deduci
328 1738 428 1804 iubet.

168 1825 203 1893 2.
248 1826 340 1903 Quod
380 1849 452 1890 eum
485 1825 669 1891 Alexandro
706 1827 875 1891 nuntiatur
917 1827 1087 1892 adversum
1106 1839 1141 1896 II.

76 1916 231 1980 iudicium
251 1918 283 1979 et
302 1915 443 2002 gratiam
462 1936 554 1980 suam
574 1913 785 1999 Stesagoram
804 1916 921 1999 nisum,
945 1916 1088 2000 graviter
1111 1916 1136 1965 4.

76 2004 212 2070 infestus
237 2004 372 2069 eundem
394 2003 497 2083 illum,
520 2007 557 2068 ut
580 2002 799 2087 praedicatum
820 2003 926 2066 fuerat
944 2025 964 2067 a
984 2025 1087 2067 sacer·
1101 2030 1128 2070 ao

77 2093 167 2176 dote,
196 2094 316 2176 spoliat
344 2093 538 2177 magistratu
568 2091 831 2174 sacerdotemque
859 2090 930 2155 loeo
959 2090 1089 2157 restitui

75 2182 174 2247 iubet.
221 2181 314 2258 Quod
341 2181 444 2265 igitur
467 2179 663 2265 Stesagorae
686 2180 898 2264 magistratus
924 2180 965 2244 ab
990 2179 1089 2245 Athe

74 2271 241 2336 niensibus
262 2270 356 2335 datus
375 2271 467 2352 foret,
492 2292 529 2335 eo
553 2268 691 2334 recurrit
709 2268 818 2352 ibique
837 2269 991 2335 iniuriam
1009 2269 1089 2336 facti

75 2358 194 2424 deflens
223 2381 317 2442 opem
346 2360 387 2425 ab
414 2359 479 2443 his,
507 2382 527 2424 a
555 2359 672 2443 quibus
697 2357 888 2443 dignitatem
915 2358 1004 2423 illam
1035 2381 1088 2425 ao-

75 2451 213 2532 ceperat,
237 2448 431 2531 imploravit.
468 2447 588 2512 Animo
608 2448 792 2512 incitatiore
811 2447 1027 2514 Athenienses
1045 2468 1086 2513 ne
1101 2474 1127 2516 25

75 2537 182 2602 verbis
202 2536 329 2620 quidem
350 2559 368 2600 a
387 2537 474 2621 regis
493 2537 690 2602 contumelia
703 2539 933 2622 temperavere.
961 2537 1085 2613 Quibus

75 2625 215 2709 acceptis
253 2624 436 2690 Alexander
473 2625 508 2689 in
545 2625 629 2690 hanc
660 2625 856 2690 sententiam
886 2626 1011 2690 litteras
1045 2626 1086 2690 ad

73 2712 289 2780 Athenienses
313 2713 412 2779 dedit:
437 2713 608 2797 ‘Equidem
631 2735 683 2777 me
705 2714 772 2779 scio
796 2716 873 2798 post
898 2715 1082 2797 susceptum
1102 2730 1127 2782 5.

73 2803 176 2886 patris
207 2801 271 2866 mei
298 2823 434 2888 regnum
462 2803 688 2888 procuratione
715 2801 864 2866 fortunae
894 2801 1084 2884 iampridem

73 2892 205 2958 occiduo
230 2892 306 2957 orbe
331 2891 502 2975 disposito,
530 2891 626 2976 idque
654 2912 712 2974 per
734 2890 875 2974 litteras,
898 2890 1084 2974 pacatisque
1098 2919 1124 2959 so

71 2981 123 3045 his
147 2981 294 3065 partibus
318 2983 351 3044 et
375 2980 415 3045 ad
438 2980 593 3045 auxilium
616 2979 774 3044 exercitus
803 2980 867 3042 mei
891 2978 1083 3044 commilitio

163 3179 177 3226 7
192 3189 331 3242 purpurae
340 3173 412 3228 Mai.
431 3187 587 3242 purpureae
595 3173 631 3228 A.
670 3177 703 3226 15
718 3188 773 3239 quo
788 3173 858 3227 coni.
868 3171 942 3226 Mai.
962 3170 1038 3239 quod
1046 3171 1082 3228 A.

161 3243 189 3299 2.
225 3249 257 3299 19
277 3245 400 3312 graviter
417 3243 541 3299 infensus
560 3243 663 3299 Eberh.
707 3245 872 3312 receptum
894 3242 927 3301 P.
972 3247 1006 3297 29
1025 3242 1082 3296 iam

70 3313 179 3383 pridem
189 3316 225 3369 A.
245 3316 331 3370 etium
350 3315 470 3384 primum
482 3315 516 3370 P.
554 3319 588 3368 30
608 3314 675 3368 orbo
694 3313 851 3383 composito
861 3313 962 3369 Eberb.
1000 3329 1082 3383 paca-

69 3386 162 3454 tisque
181 3387 276 3442 Haase
295 3387 411 3443 Miscell.
421 3386 491 3456 phil.
507 3385 557 3452 II,
571 3402 601 3455 p.
616 3390 663 3441 26.
693 3385 853 3455 paratisque
869 3385 903 3440 A.
912 3385 945 3440 P.
984 3390 1016 3439 31
1038 3401 1083 3439 ex·

70 3459 173 3513 excitus
196 3458 253 3512 mei
275 3458 370 3514 Haase
393 3459 441 3513 loc.
461 3458 506 3511 ca't.
540 3455 599 3511 eius
623 3457 679 3513 mei
697 3456 731 3512 A.
766 3458 794 3513 et
813 3455 953 3512 auxilium
971 3454 1036 3512 mei
1053 3456 1093 3508 P,

154 3531 166 3597 l
176 3531 191 3597 )
923 3614 963 3668 w
