2414 3826
416 161 535 219 ORTUS
554 162 777 218 ALustoRI.
933 185 937 193 ·
1056 166 1100 230 55

176 320 234 388 44.
274 321 337 387 Sed
367 324 452 388 enim
482 324 666 390 Alexander
695 327 780 391 hano
809 327 873 391 sibi
902 327 1099 410 peculiarem
1119 340 1163 391 54.

88 413 228 498 gloriam
260 413 430 495 adpetens,
466 414 493 478 si
526 435 582 477 rex
610 414 739 500 fugiens
768 415 1100 499 comprehenderetur,

88 500 265 566 animosius
297 500 464 566 insecutus
497 523 608 567 currus
642 503 770 587 quidem
797 525 950 587 armaque
978 505 1101 589 regalia

88 594 289 673 matremque
320 611 385 654 una
418 593 451 654 et
482 612 613 655 uxorem
649 613 721 656 cum
758 593 940 677 virginibus
969 593 1098 658 filiabus

88 677 227 742 emensis
256 679 371 742 stadiis
400 680 570 763 sexaginta
598 681 854 767 comprehendit,
886 682 993 765 ipsum
1021 701 1132 747 veros

87 766 225 831 Darium
245 788 312 831 non
330 768 436 831 minus
455 768 659 833 tenebrosior
681 790 745 834 nox
764 791 861 852 quam
881 791 993 835 cursus
1013 770 1099 835 velo-

87 856 169 920 citas
183 855 381 920 liberaverat
395 856 513 939 quippe
529 857 595 920 iam
609 857 749 939 primum
763 857 798 921 in
811 856 891 922 haec
906 863 939 922 et
952 858 1098 924 huiusce·

88 943 178 1008 modi
209 944 390 1008 fortunaria
422 943 589 1027 dispositis
622 945 713 1028 equis
746 949 779 1008 et
810 946 926 1010 itinere
958 948 1099 1028 proviso.

86 1031 279 1096 Macedones
303 1053 378 1097 vero
407 1033 504 1115 potiti
527 1032 665 1097 victoria
692 1033 727 1098 in
754 1037 862 1098 eastra
884 1032 1014 1098 Persica
1042 1034 1099 1098 mi-

88 1141 222 1205 gravere
239 1142 367 1204 unaque
381 1120 565 1185 Alexander
580 1122 731 1187 tentoriis
751 1122 849 1206 regiis
869 1123 1097 1207 superveniens
1112 1144 1138 1184 ιο

88 1213 238 1293 expertus
266 1209 314 1274 ibi
336 1210 477 1294 primum
506 1214 556 1275 est
578 1233 643 1274 una
667 1232 739 1275 cum
762 1210 919 1276 militibus
943 1211 1010 1275 suis
1033 1211 1097 1275 for·

87 1302 186 1363 tunae
209 1297 296 1362 illius
321 1320 360 1363 ao
382 1299 538 1363 victoriae
561 1299 822 1365 emolumentum.
867 1298 979 1384 Neque
1002 1321 1097 1385 mage
1117 1309 1161 1362 55.

86 1387 214 1470 uspiam
234 1387 429 1451 continentis
449 1387 549 1452 animi
569 1387 776 1452 moderamen
790 1388 974 1453 Alexander
991 1389 1099 1472 potuit

87 1479 260 1559 ostentare,
283 1497 379 1560 quam
400 1477 485 1559 quod
504 1476 539 1540 in
556 1477 619 1541 hoo
636 1477 786 1542 fortunae
804 1477 915 1543 favore
935 1500 974 1542 ex
993 1499 1096 1561 aequo

87 1585 163 1628 suae
187 1567 282 1647 atque
306 1564 460 1629 adversae
483 1565 585 1649 partis
612 1565 688 1629 iniit
709 1566 884 1650 rationem,
913 1588 978 1632 non
1005 1588 1096 1631 secus
1111 1585 1137 1627 re

87 1652 208 1716 scilicet
237 1652 382 1735 probatis
412 1652 557 1718 hostium
584 1654 788 1738 navioribus,
818 1656 873 1738 qui
901 1677 961 1739 pro
988 1655 1097 1739 patria

86 1740 215 1805 fortiter
244 1742 461 1826 oppetissent,
494 1764 590 1825 quam
624 1744 651 1806 si
684 1743 755 1825 quis
785 1765 916 1808 suorum
947 1746 1097 1808 strenuus

87 1830 273 1895 exstitisset
310 1828 452 1895 Cunctos
470 1831 582 1916 igitur,
606 1853 686 1914 quos
710 1832 743 1895 in
762 1832 849 1896 bello
866 1831 1098 1896 nobilitaverat

86 1919 221 1983 militiae
251 1920 508 2002 experimentum
541 1923 574 1983 et
600 1940 688 1983 mora
719 1920 858 2002 inclytos
886 1919 1021 2000 fecerat,
1049 1920 1097 1981 in·

86 2007 170 2090 quiri
206 2010 387 2091 prostratos
425 2013 458 2071 et
493 2007 665 2092 magnifica
703 2007 834 2088 sepeliri
870 2010 903 2071 et
939 2007 1096 2089 sepulcris
1111 2027 1137 2066 so

85 2095 239 2160 honorari
261 2095 360 2161 iubet
405 2093 545 2160 Matrem
568 2117 666 2181 porro
690 2093 782 2158 Darii
809 2116 874 2158 una
901 2115 973 2158 cum
997 2115 1097 2158 uxore

85 2183 277 2267 filiabusque
301 2184 390 2248 cultu
413 2185 502 2269 regio
525 2184 791 2269 prosequebatur,
814 2204 851 2247 ac
876 2183 903 2247 si
927 2182 981 2266 qui
1004 2205 1096 2266 prae·
1189 2181 1192 2188 ’

85 2276 175 2337 terea
197 2272 232 2337 in
254 2276 451 2357 potestatem
475 2273 620 2338 hostium
644 2272 855 2355 devenissent,
878 2272 1008 2337 fortuna
1031 2272 1095 2358 pri-

86 2360 172 2425 stina
190 2362 406 2426 donabantur.
433 2361 608 2427 Enimvero
628 2361 779 2426 cecidisse
792 2368 871 2427 tunc
885 2361 1096 2428 Macedonum

86 2449 167 2513 satis
196 2454 323 2514 constat
350 2450 495 2534 peditum
525 2450 653 2534 quidem
683 2452 922 2535 septingentos,
951 2452 1095 2535 equitum
1111 2469 1137 2511 as

174 2676 224 2732 44.
256 2679 427 2746 aappetens
446 2693 514 2732 corr.
533 2694 567 2732 ea
584 2679 729 2760 petensA.
758 2677 900 2745 petansP.
947 2682 1049 2730 avaro
1059 2677 1094 2732 A.

84 2746 173 2816 igitur
186 2747 220 2801 P.
294 2753 323 2802 21
348 2747 414 2802 Post
432 2748 564 2802 honorari
581 2749 660 2803 1ubet
678 2750 720 2802 itu
734 2749 828 2816 perpet
845 2747 890 2801 P.:
911 2749 940 2801 et
958 2762 1096 2814 quemque

84 2818 263 2873 vulneratum
284 2819 385 2872 curari.>
420 2819 548 2887 quamvis
571 2819 633 2888 ipse
656 2817 730 2872 foret
753 2817 833 2886 gravi
851 2816 964 2871 femoris
984 2816 1095 2871 saucius

83 2889 207 2945 vulnere.
253 2888 360 2944 Audito
388 2892 484 2945 tamen
514 2891 661 2958 captarum
688 2887 837 2942 mulierum
864 2886 944 2942 Darii
976 2887 1096 2956 ululatu,

84 2958 188 3029 quibus
202 2960 265 3015 visa
283 2977 362 3014 arma
380 2959 459 3015 Darii
478 2963 507 3016 et
526 2977 621 3015 currus
636 2959 798 3028 opinionem
817 2957 893 3012 caesi
911 2957 986 3026 regis
1000 2956 1097 3012 affere·

83 3031 167 3100 bant,
191 3033 221 3086 et
238 3032 303 3086 iisse
323 3030 360 3085 ad
378 3048 425 3086 eas
443 3030 532 3086 fertur
551 3035 581 3086 et
598 3030 751 3086 honorifice
770 3029 872 3084 vidisse
891 3029 1023 3098 regieque
1048 3028 1096 3082 ob·

84 3102 191 3157 serrari
208 3102 330 3157 iussisse.
368 3103 422 3158 Ubi
441 3102 554 3157 additur
572 3101 735 3157 testimonio
750 3100 896 3155 Efestiona
908 3116 1041 3154 unacum
1056 3099 1096 3154 vi-

84 3173 193 3228 dissent
212 3172 391 3228 indiscretius
416 3172 522 3228 eultum
547 3173 581 3228 de
605 3175 671 3227 actu
695 3170 817 3241 corporis
841 3170 942 3226 melius
966 3170 1096 3239 opinatas

84 3243 178 3313 ipsum
191 3262 243 3313 pro
256 3244 417 3300 Alexandro
432 3244 576 3299 salutasse.
611 3243 666 3298 Sed
684 3245 759 3298 hunc
778 3259 900 3297 errorem
913 3241 1003 3296 matre
1017 3239 1096 3293 Darii

84 3315 266 3371 erubescente
277 3314 380 3369 dixisse
390 3331 487 3384 regem
497 3314 567 3368 nihil
577 3330 640 3369 eam
650 3314 751 3369 erroris
764 3313 823 3366 eius
833 3312 976 3381 paenitere
986 3310 1096 3366 debere.

174 3389 308 3455 mutoque
341 3389 416 3441 enim
426 3403 455 3441 se
466 3385 657 3439 Alexandrum
666 3385 846 3455 salutantem.
881 3383 1001 3438 Matrem
1013 3398 1096 3452 porro

84 3455 164 3512 Darii
181 3475 240 3512 una
257 3474 342 3513 uxore
361 3463 408 3512 ete.
445 3472 529 3527 porro
538 3463 565 3510 r.
584 3473 651 3511 vero
661 3458 735 3511 ΑΡ.
790 3462 827 3510 24
845 3453 1107 3510 donabanturss.

85 3527 274 3597 dignabantur
287 3528 323 3583 A.
