<?xml version="1.0" encoding="UTF-8"?>
<!DOCTYPE html PUBLIC "-//W3C//DTD XHTML 1.0 Transitional//EN"
    "http://www.w3.org/TR/xhtml1/DTD/xhtml1-transitional.dtd">
<html xmlns="http://www.w3.org/1999/xhtml" xml:lang="en" lang="en">
 <head>
  <title>
</title>
<meta http-equiv="Content-Type" content="text/html;charset=utf-8" />
  <meta name='ocr-system' content='tesseract 3.04.00' />
  <meta name='ocr-capabilities' content='ocr_page ocr_carea ocr_par ocr_line ocrx_word'/>
</head>
<body>
  <div class='ocr_page' id='page_1' title='image "./iulivalerialexa00valegoog_0105.png"; bbox 0 0 2414 3826; ppageno 0'>
   <div class='ocr_carea' id='block_1_1' title="bbox 121 156 706 222">
    <p class='ocr_par' dir='ltr' id='par_1_1' title="bbox 121 156 706 222">
     <span class='ocr_line' id='line_1_1' title="bbox 121 156 706 222; baseline 0 -11"><span class='ocrx_word' id='word_1_1' title='bbox 121 157 163 222; x_wconf 87' lang='lat'>68</span> <span class='ocrx_word' id='word_1_2' title='bbox 443 181 448 194; x_wconf 94' lang='lat'>·</span> <span class='ocrx_word' id='word_1_3' title='bbox 545 156 655 211; x_wconf 83' lang='lat' dir='ltr'>LIBER</span> <span class='ocrx_word' id='word_1_4' title='bbox 672 157 706 211; x_wconf 90' lang='lat' dir='ltr'>Il.</span> 
     </span>
    </p>
   </div>
   <div class='ocr_carea' id='block_1_2' title="bbox 61 318 1188 3059">
    <p class='ocr_par' dir='ltr' id='par_1_2' title="bbox 61 318 1188 3059">
     <span class='ocr_line' id='line_1_2' title="bbox 122 318 1137 403; baseline 0.001 -18"><span class='ocrx_word' id='word_1_5' title='bbox 122 319 281 403; x_wconf 89' lang='lat' dir='ltr'>copulatis</span> <span class='ocrx_word' id='word_1_6' title='bbox 310 319 452 402; x_wconf 76' lang='lat' dir='ltr'><strong>gratiam</strong></span> <span class='ocrx_word' id='word_1_7' title='bbox 474 319 606 402; x_wconf 90' lang='lat' dir='ltr'>reliquis</span> <span class='ocrx_word' id='word_1_8' title='bbox 631 318 699 383; x_wconf 87' lang='lat' dir='ltr'>eius</span> <span class='ocrx_word' id='word_1_9' title='bbox 723 319 822 384; x_wconf 89' lang='lat' dir='ltr'>studii</span> <span class='ocrx_word' id='word_1_10' title='bbox 843 319 972 403; x_wconf 87' lang='lat' dir='ltr'>fecisse,</span> <span class='ocrx_word' id='word_1_11' title='bbox 1004 325 1137 386; x_wconf 90' lang='lat' dir='ltr'>conten-</span> 
     </span>
     <span class='ocr_line' id='line_1_3' title="bbox 121 407 1138 491; baseline 0.004 -19"><span class='ocrx_word' id='word_1_12' title='bbox 121 410 191 472; x_wconf 93' lang='lat' dir='ltr'>tum</span> <span class='ocrx_word' id='word_1_13' title='bbox 210 407 261 471; x_wconf 89' lang='lat' dir='ltr'>his</span> <span class='ocrx_word' id='word_1_14' title='bbox 281 408 386 491; x_wconf 83' lang='lat' dir='ltr'>mods,</span> <span class='ocrx_word' id='word_1_15' title='bbox 410 408 465 490; x_wconf 92' lang='lat' dir='ltr'>qui</span> <span class='ocrx_word' id='word_1_16' title='bbox 484 429 608 471; x_wconf 87' lang='lat' dir='ltr'>mecum</span> <span class='ocrx_word' id='word_1_17' title='bbox 633 429 652 470; x_wconf 91' lang='lat' dir='ltr'>a</span> <span class='ocrx_word' id='word_1_18' title='bbox 671 407 861 473; x_wconf 86' lang='lat' dir='ltr'>Macedonia</span> <span class='ocrx_word' id='word_1_19' title='bbox 884 410 1027 473; x_wconf 87' lang='lat' dir='ltr'>inierant</span> <span class='ocrx_word' id='word_1_20' title='bbox 1050 411 1138 476; x_wconf 91' lang='lat' dir='ltr'>hunc</span> 
     </span>
     <span class='ocr_line' id='line_1_4' title="bbox 121 496 1136 580; baseline 0.003 -21"><span class='ocrx_word' id='word_1_21' title='bbox 121 496 284 580; x_wconf 82' lang='lat' dir='ltr'>laborem,</span> <span class='ocrx_word' id='word_1_22' title='bbox 315 517 514 580; x_wconf 91' lang='lat' dir='ltr'>quorumque</span> <span class='ocrx_word' id='word_1_23' title='bbox 546 496 704 560; x_wconf 90' lang='lat' dir='ltr'>comitatu</span> <span class='ocrx_word' id='word_1_24' title='bbox 734 496 867 580; x_wconf 78' lang='lat' dir='ltr'>Europa</span> <span class='ocrx_word' id='word_1_25' title='bbox 899 497 995 562; x_wconf 90' lang='lat' dir='ltr'>nobis</span> <span class='ocrx_word' id='word_1_26' title='bbox 1030 500 1136 562; x_wconf 88' lang='lat' dir='ltr'>omnis</span> 
     </span>
     <span class='ocr_line' id='line_1_5' title="bbox 123 582 1137 668; baseline 0.003 -20"><span class='ocrx_word' id='word_1_27' title='bbox 123 586 310 649; x_wconf 77' lang='lat' dir='ltr'><strong>accesserat.</strong></span> <span class='ocrx_word' id='word_1_28' title='bbox 366 582 429 649; x_wconf 81' lang='lat' dir='ltr'>Sed</span> <span class='ocrx_word' id='word_1_29' title='bbox 462 606 501 648; x_wconf 86' lang='lat' dir='ltr'>ex</span> <span class='ocrx_word' id='word_1_30' title='bbox 532 584 583 648; x_wconf 86' lang='lat' dir='ltr'>his</span> <span class='ocrx_word' id='word_1_31' title='bbox 618 584 767 649; x_wconf 91' lang='lat' dir='ltr'>omnibus</span> <span class='ocrx_word' id='word_1_32' title='bbox 800 584 972 650; x_wconf 84' lang='lat' dir='ltr'>Thebanos</span> <span class='ocrx_word' id='word_1_33' title='bbox 1006 586 1137 668; x_wconf 90' lang='lat' dir='ltr'>quidem</span> 
     </span>
     <span class='ocr_line' id='line_1_6' title="bbox 96 673 1138 740; baseline 0.007 -8"><span class='ocrx_word' id='word_1_34' title='bbox 96 692 187 737; x_wconf 77' lang='lat' dir='ltr'>anon</span> <span class='ocrx_word' id='word_1_35' title='bbox 211 673 275 737; x_wconf 85' lang='lat' dir='ltr'>levi</span> <span class='ocrx_word' id='word_1_36' title='bbox 298 673 337 737; x_wconf 89' lang='lat' dir='ltr'>dc</span> <span class='ocrx_word' id='word_1_37' title='bbox 361 694 459 737; x_wconf 87' lang='lat' dir='ltr'>causa</span> <span class='ocrx_word' id='word_1_38' title='bbox 478 673 643 737; x_wconf 76' lang='lat' dir='ltr'>occidione</span> <span class='ocrx_word' id='word_1_39' title='bbox 662 673 818 738; x_wconf 76' lang='lat' dir='ltr'>interemi.</span> <span class='ocrx_word' id='word_1_40' title='bbox 859 673 908 738; x_wconf 90' lang='lat' dir='ltr'>De</span> <span class='ocrx_word' id='word_1_41' title='bbox 926 674 1138 740; x_wconf 89' lang='lat' dir='ltr'>Atheniensi-</span> 
     </span>
     <span class='ocr_line' id='line_1_7' title="bbox 122 761 1137 844; baseline 0.002 -18"><span class='ocrx_word' id='word_1_42' title='bbox 122 761 183 826; x_wconf 93' lang='lat' dir='ltr'>bus</span> <span class='ocrx_word' id='word_1_43' title='bbox 207 782 284 826; x_wconf 89' lang='lat' dir='ltr'>vero</span> <span class='ocrx_word' id='word_1_44' title='bbox 309 783 382 844; x_wconf 88' lang='lat' dir='ltr'>spes</span> <span class='ocrx_word' id='word_1_45' title='bbox 405 761 486 826; x_wconf 92' lang='lat' dir='ltr'>mihi</span> <span class='ocrx_word' id='word_1_46' title='bbox 512 764 582 826; x_wconf 86' lang='lat' dir='ltr'>crat</span> <span class='ocrx_word' id='word_1_47' title='bbox 604 761 735 827; x_wconf 85' lang='lat' dir='ltr'>dextros</span> <span class='ocrx_word' id='word_1_48' title='bbox 764 761 844 825; x_wconf 90' lang='lat' dir='ltr'>mihi</span> <span class='ocrx_word' id='word_1_49' title='bbox 876 763 955 827; x_wconf 88' lang='lat' dir='ltr'>satis</span> <span class='ocrx_word' id='word_1_50' title='bbox 985 767 1016 827; x_wconf 90' lang='lat' dir='ltr'>et</span> <span class='ocrx_word' id='word_1_51' title='bbox 1045 764 1137 828; x_wconf 90' lang='lat' dir='ltr'>obse-</span> 
     </span>
     <span class='ocr_line' id='line_1_8' title="bbox 123 848 1138 935; baseline 0.004 -22"><span class='ocrx_word' id='word_1_52' title='bbox 123 854 257 935; x_wconf 87' lang='lat' dir='ltr'>quentes</span> <span class='ocrx_word' id='word_1_53' title='bbox 281 850 416 915; x_wconf 87' lang='lat' dir='ltr'>futuros.</span> <span class='ocrx_word' id='word_1_54' title='bbox 462 848 560 914; x_wconf 83' lang='lat' dir='ltr'>Enim</span> <span class='ocrx_word' id='word_1_55' title='bbox 583 870 657 914; x_wconf 89' lang='lat' dir='ltr'>cum</span> <span class='ocrx_word' id='word_1_56' title='bbox 680 871 772 915; x_wconf 88' lang='lat' dir='ltr'>secus</span> <span class='ocrx_word' id='word_1_57' title='bbox 796 850 892 914; x_wconf 88' lang='lat' dir='ltr'>dictis</span> <span class='ocrx_word' id='word_1_58' title='bbox 915 873 972 916; x_wconf 85' lang='lat' dir='ltr'>vos</span> <span class='ocrx_word' id='word_1_59' title='bbox 996 853 1138 917; x_wconf 89' lang='lat' dir='ltr'>insolen-</span> 
     </span>
     <span class='ocr_line' id='line_1_9' title="bbox 122 938 1138 1023; baseline 0.003 -21"><span class='ocrx_word' id='word_1_60' title='bbox 122 938 209 1003; x_wconf 91' lang='lat' dir='ltr'>tibus</span> <span class='ocrx_word' id='word_1_61' title='bbox 228 940 394 1007; x_wconf 77' lang='lat' dir='ltr'>,velitatos</span> <span class='ocrx_word' id='word_1_62' title='bbox 428 939 599 1023; x_wconf 83' lang='lat' dir='ltr'>audierim,</span> <span class='ocrx_word' id='word_1_63' title='bbox 633 938 770 1022; x_wconf 83' lang='lat' dir='ltr'>accipite</span> <span class='ocrx_word' id='word_1_64' title='bbox 803 939 996 1003; x_wconf 88' lang='lat' dir='ltr'>sententiam</span> <span class='ocrx_word' id='word_1_65' title='bbox 1030 962 1138 1005; x_wconf 90' lang='lat' dir='ltr'>meam</span> 
     </span>
     <span class='ocr_line' id='line_1_10' title="bbox 123 1027 1137 1111; baseline 0.002 -19"><span class='ocrx_word' id='word_1_66' title='bbox 123 1047 189 1092; x_wconf 90' lang='lat' dir='ltr'>non</span> <span class='ocrx_word' id='word_1_67' title='bbox 212 1028 385 1092; x_wconf 85' lang='lat' dir='ltr'>verborum</span> <span class='ocrx_word' id='word_1_68' title='bbox 408 1028 530 1092; x_wconf 87' lang='lat' dir='ltr'>scilicet</span> <span class='ocrx_word' id='word_1_69' title='bbox 554 1028 681 1111; x_wconf 84' lang='lat' dir='ltr'>agmine</span> <span class='ocrx_word' id='word_1_70' title='bbox 705 1027 899 1111; x_wconf 76' lang='lat' dir='ltr'>gloriantem</span> <span class='ocrx_word' id='word_1_71' title='bbox 916 1028 1059 1111; x_wconf 90' lang='lat' dir='ltr'>—quod</span> <span class='ocrx_word' id='word_1_72' title='bbox 1084 1030 1137 1095; x_wconf 88' lang='lat' dir='ltr'>dc-</span> 
     </span>
     <span class='ocr_line' id='line_1_11' title="bbox 83 1115 1138 1201; baseline 0.007 -27"><span class='ocrx_word' id='word_1_73' title='bbox 83 1137 109 1175; x_wconf 91' lang='lat'>10</span> <span class='ocrx_word' id='word_1_74' title='bbox 123 1117 249 1181; x_wconf 88' lang='lat' dir='ltr'>centius</span> <span class='ocrx_word' id='word_1_75' title='bbox 272 1117 365 1182; x_wconf 86' lang='lat' dir='ltr'>fieret</span> <span class='ocrx_word' id='word_1_76' title='bbox 388 1139 406 1181; x_wconf 90' lang='lat' dir='ltr'>a</span> <span class='ocrx_word' id='word_1_77' title='bbox 429 1115 613 1201; x_wconf 87' lang='lat' dir='ltr'>potentiore</span> <span class='ocrx_word' id='word_1_78' title='bbox 631 1151 689 1200; x_wconf 85' lang='lat'>-,</span> <span class='ocrx_word' id='word_1_79' title='bbox 718 1137 829 1180; x_wconf 84' lang='lat' dir='ltr'>verum</span> <span class='ocrx_word' id='word_1_80' title='bbox 852 1116 900 1180; x_wconf 88' lang='lat' dir='ltr'>uti</span> <span class='ocrx_word' id='word_1_81' title='bbox 925 1117 1035 1181; x_wconf 89' lang='lat' dir='ltr'>sciatis</span> <span class='ocrx_word' id='word_1_82' title='bbox 1058 1117 1138 1181; x_wconf 91' lang='lat' dir='ltr'>boni</span> 
     </span>
     <span class='ocr_line' id='line_1_12' title="bbox 122 1203 1137 1289; baseline -0.002 -18"><span class='ocrx_word' id='word_1_83' title='bbox 122 1227 182 1270; x_wconf 87' lang='lat' dir='ltr'>vos</span> <span class='ocrx_word' id='word_1_84' title='bbox 206 1206 425 1289; x_wconf 88' lang='lat' dir='ltr'>consulturos,</span> <span class='ocrx_word' id='word_1_85' title='bbox 450 1205 478 1268; x_wconf 89' lang='lat' dir='ltr'>si</span> <span class='ocrx_word' id='word_1_86' title='bbox 500 1205 680 1287; x_wconf 73' lang='lat' dir='ltr'>praeceptis</span> <span class='ocrx_word' id='word_1_87' title='bbox 705 1203 930 1288; x_wconf 89' lang='lat' dir='ltr'>mandatisque</span> <span class='ocrx_word' id='word_1_88' title='bbox 952 1205 1074 1270; x_wconf 90' lang='lat' dir='ltr'>nostris</span> <span class='ocrx_word' id='word_1_89' title='bbox 1098 1206 1137 1269; x_wconf 91' lang='lat' dir='ltr'>li·</span> 
     </span>
     <span class='ocr_line' id='line_1_13' title="bbox 122 1291 1137 1378; baseline 0.001 -20"><span class='ocrx_word' id='word_1_90' title='bbox 122 1293 255 1358; x_wconf 88' lang='lat' dir='ltr'>bentem</span> <span class='ocrx_word' id='word_1_91' title='bbox 278 1315 411 1378; x_wconf 90' lang='lat' dir='ltr'>operam</span> <span class='ocrx_word' id='word_1_92' title='bbox 435 1291 655 1356; x_wconf 85' lang='lat' dir='ltr'>commodetis.</span> <span class='ocrx_word' id='word_1_93' title='bbox 692 1291 760 1356; x_wconf 88' lang='lat' dir='ltr'>Aut</span> <span class='ocrx_word' id='word_1_94' title='bbox 784 1293 868 1356; x_wconf 90' lang='lat' dir='ltr'>enim</span> <span class='ocrx_word' id='word_1_95' title='bbox 892 1293 1041 1358; x_wconf 91' lang='lat' dir='ltr'>meliores</span> <span class='ocrx_word' id='word_1_96' title='bbox 1066 1316 1137 1359; x_wconf 86' lang='lat' dir='ltr'>csse</span> 
     </span>
     <span class='ocr_line' id='line_1_14' title="bbox 123 1379 1136 1466; baseline 0.001 -20"><span class='ocrx_word' id='word_1_97' title='bbox 123 1385 252 1466; x_wconf 87' lang='lat' dir='ltr'>oportet</span> <span class='ocrx_word' id='word_1_98' title='bbox 281 1386 338 1446; x_wconf 89' lang='lat' dir='ltr'>aut</span> <span class='ocrx_word' id='word_1_99' title='bbox 366 1379 555 1444; x_wconf 88' lang='lat' dir='ltr'>melioribus</span> <span class='ocrx_word' id='word_1_100' title='bbox 580 1379 804 1464; x_wconf 80' lang='lat' dir='ltr'>obsequentes,</span> <span class='ocrx_word' id='word_1_101' title='bbox 846 1379 875 1444; x_wconf 95' lang='lat' dir='ltr'>E</span> <span class='ocrx_word' id='word_1_102' title='bbox 900 1403 963 1465; x_wconf 90' lang='lat' dir='ltr'>qua</span> <span class='ocrx_word' id='word_1_103' title='bbox 986 1404 1020 1446; x_wconf 89' lang='lat' dir='ltr'>re</span> <span class='ocrx_word' id='word_1_104' title='bbox 1044 1382 1136 1447; x_wconf 91' lang='lat' dir='ltr'>mille</span> 
     </span>
     <span class='ocr_line' id='line_1_15' title="bbox 123 1468 1135 1552; baseline 0.002 -19"><span class='ocrx_word' id='word_1_105' title='bbox 123 1491 232 1533; x_wconf 85' lang='lat' dir='ltr'>annua</span> <span class='ocrx_word' id='word_1_106' title='bbox 254 1469 383 1533; x_wconf 87' lang='lat' dir='ltr'>talenta</span> <span class='ocrx_word' id='word_1_107' title='bbox 405 1468 543 1552; x_wconf 89' lang='lat' dir='ltr'>dependi</span> <span class='ocrx_word' id='word_1_108' title='bbox 568 1468 649 1532; x_wconf 89' lang='lat' dir='ltr'>mihi</span> <span class='ocrx_word' id='word_1_109' title='bbox 675 1469 716 1533; x_wconf 89' lang='lat' dir='ltr'>ab</span> <span class='ocrx_word' id='word_1_110' title='bbox 742 1468 995 1536; x_wconf 85' lang='lat' dir='ltr'>Atheniensibus</span> <span class='ocrx_word' id='word_1_111' title='bbox 1019 1469 1135 1537; x_wconf 66' lang='lat' dir='ltr'>iubeo?</span> 
     </span>
     <span class='ocr_line' id='line_1_16' title="bbox 83 1556 1188 1624; baseline 0.005 -8"><span class='ocrx_word' id='word_1_112' title='bbox 83 1575 109 1616; x_wconf 78' lang='lat' dir='ltr'>rs</span> <span class='ocrx_word' id='word_1_113' title='bbox 143 1565 145 1568; x_wconf 53' lang='lat'><em>⁴</em></span> <span class='ocrx_word' id='word_1_114' title='bbox 213 1556 248 1624; x_wconf 82' lang='lat'>3.</span> <span class='ocrx_word' id='word_1_115' title='bbox 286 1556 339 1623; x_wconf 88' lang='lat' dir='ltr'>Ad</span> <span class='ocrx_word' id='word_1_116' title='bbox 362 1557 443 1622; x_wconf 88' lang='lat' dir='ltr'>haec</span> <span class='ocrx_word' id='word_1_117' title='bbox 466 1556 515 1620; x_wconf 92' lang='lat' dir='ltr'>illi</span> <span class='ocrx_word' id='word_1_118' title='bbox 538 1557 733 1623; x_wconf 89' lang='lat' dir='ltr'>rescribunt:</span> <span class='ocrx_word' id='word_1_119' title='bbox 763 1557 854 1623; x_wconf 77' lang='lat' dir='ltr'>‘Non</span> <span class='ocrx_word' id='word_1_120' title='bbox 876 1580 936 1623; x_wconf 91' lang='lat' dir='ltr'>nos</span> <span class='ocrx_word' id='word_1_121' title='bbox 959 1558 1138 1622; x_wconf 88' lang='lat' dir='ltr'>diffitemur</span> <span class='ocrx_word' id='word_1_122' title='bbox 1156 1568 1188 1621; x_wconf 88' lang='grc' dir='ltr'>ΙΙ.</span> 
     </span>
     <span class='ocr_line' id='line_1_17' title="bbox 123 1645 1181 1732; baseline 0.002 -23"><span class='ocrx_word' id='word_1_123' title='bbox 123 1648 156 1709; x_wconf 86' lang='lat' dir='ltr'>et</span> <span class='ocrx_word' id='word_1_124' title='bbox 178 1646 281 1728; x_wconf 88' lang='lat' dir='ltr'>patris</span> <span class='ocrx_word' id='word_1_125' title='bbox 304 1646 354 1709; x_wconf 94' lang='lat' dir='ltr'>tui</span> <span class='ocrx_word' id='word_1_126' title='bbox 377 1646 445 1710; x_wconf 85' lang='lat' dir='ltr'>vita</span> <span class='ocrx_word' id='word_1_127' title='bbox 468 1645 522 1711; x_wconf 91' lang='lat' dir='ltr'>diu</span> <span class='ocrx_word' id='word_1_128' title='bbox 551 1645 690 1711; x_wconf 87' lang='lat' dir='ltr'>offensos</span> <span class='ocrx_word' id='word_1_129' title='bbox 720 1649 752 1710; x_wconf 89' lang='lat' dir='ltr'>et</span> <span class='ocrx_word' id='word_1_130' title='bbox 780 1646 847 1711; x_wconf 88' lang='lat' dir='ltr'>eius</span> <span class='ocrx_word' id='word_1_131' title='bbox 877 1651 979 1711; x_wconf 87' lang='lat' dir='ltr'>morte</span> <span class='ocrx_word' id='word_1_132' title='bbox 1003 1647 1136 1732; x_wconf 83' lang='lat' dir='ltr'>gavisos</span> <span class='ocrx_word' id='word_1_133' title='bbox 1157 1645 1181 1695; x_wconf 80' lang='lat'>⁶·</span> 
     </span>
     <span class='ocr_line' id='line_1_18' title="bbox 122 1734 1136 1821; baseline 0.001 -23"><span class='ocrx_word' id='word_1_134' title='bbox 122 1755 206 1817; x_wconf 79' lang='lat' dir='ltr'>esse3</span> <span class='ocrx_word' id='word_1_135' title='bbox 246 1734 330 1819; x_wconf 91' lang='lat' dir='ltr'>quod</span> <span class='ocrx_word' id='word_1_136' title='bbox 370 1735 456 1798; x_wconf 90' lang='lat' dir='ltr'>idem</span> <span class='ocrx_word' id='word_1_137' title='bbox 490 1734 557 1799; x_wconf 89' lang='lat' dir='ltr'>iarn</span> <span class='ocrx_word' id='word_1_138' title='bbox 597 1735 761 1818; x_wconf 89' lang='lat' dir='ltr'>coepimus</span> <span class='ocrx_word' id='word_1_139' title='bbox 800 1735 847 1798; x_wconf 92' lang='lat' dir='ltr'>tui</span> <span class='ocrx_word' id='word_1_140' title='bbox 884 1756 1010 1819; x_wconf 89' lang='lat' dir='ltr'>quoque</span> <span class='ocrx_word' id='word_1_141' title='bbox 1041 1736 1136 1821; x_wconf 83' lang='lat' dir='ltr'>velle,</span> 
     </span>
     <span class='ocr_line' id='line_1_19' title="bbox 121 1822 1137 1907; baseline 0.003 -21"><span class='ocrx_word' id='word_1_142' title='bbox 121 1822 246 1887; x_wconf 88' lang='lat' dir='ltr'>iuvenis</span> <span class='ocrx_word' id='word_1_143' title='bbox 278 1823 566 1907; x_wconf 84' lang='lat' dir='ltr'>inconsultissime,</span> <span class='ocrx_word' id='word_1_144' title='bbox 606 1845 680 1888; x_wconf 92' lang='lat' dir='ltr'>cum</span> <span class='ocrx_word' id='word_1_145' title='bbox 711 1823 773 1888; x_wconf 88' lang='lat' dir='ltr'>tibi</span> <span class='ocrx_word' id='word_1_146' title='bbox 807 1823 847 1887; x_wconf 92' lang='lat' dir='ltr'>ab</span> <span class='ocrx_word' id='word_1_147' title='bbox 881 1823 1137 1889; x_wconf 86' lang='lat' dir='ltr'>Atheniensibus</span> 
     </span>
     <span class='ocr_line' id='line_1_20' title="bbox 122 1910 1138 1997; baseline 0.001 -22"><span class='ocrx_word' id='word_1_148' title='bbox 122 1910 331 1996; x_wconf 87' lang='lat' dir='ltr'>dependenda</span> <span class='ocrx_word' id='word_1_149' title='bbox 354 1913 443 1977; x_wconf 90' lang='lat' dir='ltr'>mille</span> <span class='ocrx_word' id='word_1_150' title='bbox 466 1913 592 1978; x_wconf 89' lang='lat' dir='ltr'>talenta</span> <span class='ocrx_word' id='word_1_151' title='bbox 616 1912 797 1997; x_wconf 88' lang='lat' dir='ltr'>scripseris,</span> <span class='ocrx_word' id='word_1_152' title='bbox 827 1911 876 1975; x_wconf 90' lang='lat' dir='ltr'>uti</span> <span class='ocrx_word' id='word_1_153' title='bbox 904 1911 1028 1976; x_wconf 87' lang='lat' dir='ltr'>scilicet</span> <span class='ocrx_word' id='word_1_154' title='bbox 1052 1913 1138 1976; x_wconf 69' lang='lat' dir='ltr'>intm</span> 
     </span>
     <span class='ocr_line' id='line_1_21' title="bbox 83 2000 1138 2086; baseline -0.001 -20"><span class='ocrx_word' id='word_1_155' title='bbox 83 2020 109 2059; x_wconf 79' lang='lat'>20</span> <span class='ocrx_word' id='word_1_156' title='bbox 123 2007 182 2066; x_wconf 87' lang='lat' dir='ltr'>nos</span> <span class='ocrx_word' id='word_1_157' title='bbox 206 2001 401 2086; x_wconf 90' lang='lat' dir='ltr'>principium</span> <span class='ocrx_word' id='word_1_158' title='bbox 424 2000 567 2066; x_wconf 90' lang='lat' dir='ltr'>bellandi</span> <span class='ocrx_word' id='word_1_159' title='bbox 591 2022 731 2084; x_wconf 89' lang='lat' dir='ltr'>parares.</span> <span class='ocrx_word' id='word_1_160' title='bbox 778 2000 870 2076; x_wconf 84' lang='lat' dir='ltr'>Quod</span> <span class='ocrx_word' id='word_1_161' title='bbox 899 2001 926 2065; x_wconf 89' lang='lat' dir='ltr'>si</span> <span class='ocrx_word' id='word_1_162' title='bbox 954 2001 1015 2064; x_wconf 90' lang='lat' dir='ltr'>tibi</span> <span class='ocrx_word' id='word_1_163' title='bbox 1043 2006 1138 2065; x_wconf 90' lang='lat' dir='ltr'>tanta</span> 
     </span>
     <span class='ocr_line' id='line_1_22' title="bbox 123 2087 1180 2175; baseline -0.005 -21"><span class='ocrx_word' id='word_1_164' title='bbox 123 2093 173 2155; x_wconf 88' lang='lat' dir='ltr'>cst</span> <span class='ocrx_word' id='word_1_165' title='bbox 195 2090 400 2175; x_wconf 84' lang='lat' dir='ltr'>confidentia,</span> <span class='ocrx_word' id='word_1_166' title='bbox 423 2088 642 2174; x_wconf 88' lang='lat' dir='ltr'>paratioribus</span> <span class='ocrx_word' id='word_1_167' title='bbox 662 2087 866 2154; x_wconf 72' lang='lat' dir='ltr'>occursabis?</span> <span class='ocrx_word' id='word_1_168' title='bbox 903 2087 965 2152; x_wconf 90' lang='lat' dir='ltr'>His</span> <span class='ocrx_word' id='word_1_169' title='bbox 984 2090 1136 2155; x_wconf 88' lang='lat' dir='ltr'>rescribit</span> <span class='ocrx_word' id='word_1_170' title='bbox 1155 2096 1180 2149; x_wconf 80' lang='lat'>7.</span> 
     </span>
     <span class='ocr_line' id='line_1_23' title="bbox 122 2176 1137 2262; baseline -0.001 -19"><span class='ocrx_word' id='word_1_171' title='bbox 122 2177 305 2244; x_wconf 85' lang='lat' dir='ltr'>Alexander</span> <span class='ocrx_word' id='word_1_172' title='bbox 328 2180 364 2242; x_wconf 93' lang='lat' dir='ltr'>in</span> <span class='ocrx_word' id='word_1_173' title='bbox 382 2180 461 2244; x_wconf 86' lang='lat' dir='ltr'>haec</span> <span class='ocrx_word' id='word_1_174' title='bbox 479 2180 593 2243; x_wconf 82' lang='lat' dir='ltr'>verba:</span> <span class='ocrx_word' id='word_1_175' title='bbox 617 2177 698 2242; x_wconf 72' lang='lat' dir='ltr'>‘Iam</span> <span class='ocrx_word' id='word_1_176' title='bbox 718 2177 846 2262; x_wconf 90' lang='lat' dir='ltr'>quidem</span> <span class='ocrx_word' id='word_1_177' title='bbox 864 2176 1015 2241; x_wconf 88' lang='lat' dir='ltr'>miseram</span> <span class='ocrx_word' id='word_1_178' title='bbox 1034 2177 1137 2242; x_wconf 89' lang='lat' dir='ltr'>Leon·</span> 
     </span>
     <span class='ocr_line' id='line_1_24' title="bbox 121 2264 1137 2351; baseline 0 -21"><span class='ocrx_word' id='word_1_179' title='bbox 121 2269 199 2348; x_wconf 87' lang='lat' dir='ltr'>tam,</span> <span class='ocrx_word' id='word_1_180' title='bbox 224 2268 355 2350; x_wconf 83' lang='lat' dir='ltr'>quivos</span> <span class='ocrx_word' id='word_1_181' title='bbox 375 2267 499 2331; x_wconf 84' lang='lat' dir='ltr'>excisos</span> <span class='ocrx_word' id='word_1_182' title='bbox 521 2265 642 2351; x_wconf 80' lang='lat' dir='ltr'>linguis</span> <span class='ocrx_word' id='word_1_183' title='bbox 661 2265 773 2330; x_wconf 88' lang='lat' dir='ltr'>ulcisci</span> <span class='ocrx_word' id='word_1_184' title='bbox 792 2264 958 2330; x_wconf 87' lang='lat' dir='ltr'>vecordiae</span> <span class='ocrx_word' id='word_1_185' title='bbox 976 2267 1137 2350; x_wconf 88' lang='lat' dir='ltr'>potuisset</span> 
     </span>
     <span class='ocr_line' id='line_1_25' title="bbox 122 2353 1136 2438; baseline 0.001 -21"><span class='ocrx_word' id='word_1_186' title='bbox 122 2358 312 2438; x_wconf 86' lang='lat' dir='ltr'>vestrosque</span> <span class='ocrx_word' id='word_1_187' title='bbox 331 2376 397 2418; x_wconf 92' lang='lat' dir='ltr'>una</span> <span class='ocrx_word' id='word_1_188' title='bbox 415 2358 560 2419; x_wconf 90' lang='lat' dir='ltr'>oratores</span> <span class='ocrx_word' id='word_1_189' title='bbox 584 2353 623 2417; x_wconf 89' lang='lat' dir='ltr'>ad</span> <span class='ocrx_word' id='word_1_190' title='bbox 647 2375 698 2418; x_wconf 90' lang='lat' dir='ltr'>me</span> <span class='ocrx_word' id='word_1_191' title='bbox 722 2353 902 2437; x_wconf 88' lang='lat' dir='ltr'>perducere.</span> <span class='ocrx_word' id='word_1_192' title='bbox 940 2353 1037 2418; x_wconf 90' lang='lat' dir='ltr'>Enim</span> <span class='ocrx_word' id='word_1_193' title='bbox 1061 2376 1136 2420; x_wconf 91' lang='lat' dir='ltr'>con-</span> 
     </span>
     <span class='ocr_line' id='line_1_26' title="bbox 84 2442 1136 2526; baseline 0.008 -26"><span class='ocrx_word' id='word_1_194' title='bbox 84 2460 110 2501; x_wconf 72' lang='lat' dir='ltr'>as</span> <span class='ocrx_word' id='word_1_195' title='bbox 124 2442 241 2507; x_wconf 90' lang='lat' dir='ltr'>sultius</span> <span class='ocrx_word' id='word_1_196' title='bbox 270 2442 375 2506; x_wconf 88' lang='lat' dir='ltr'>visum</span> <span class='ocrx_word' id='word_1_197' title='bbox 406 2446 456 2506; x_wconf 87' lang='lat' dir='ltr'>cst</span> <span class='ocrx_word' id='word_1_198' title='bbox 483 2443 591 2526; x_wconf 89' lang='lat' dir='ltr'>ipsum</span> <span class='ocrx_word' id='word_1_199' title='bbox 622 2463 673 2505; x_wconf 88' lang='lat' dir='ltr'>me</span> <span class='ocrx_word' id='word_1_200' title='bbox 704 2442 744 2506; x_wconf 89' lang='lat' dir='ltr'>ad</span> <span class='ocrx_word' id='word_1_201' title='bbox 772 2442 959 2508; x_wconf 67' lang='lat' dir='ltr'>eradendas</span> <span class='ocrx_word' id='word_1_202' title='bbox 988 2443 1136 2508; x_wconf 89' lang='lat' dir='ltr'>Athenas</span> 
     </span>
     <span class='ocr_line' id='line_1_27' title="bbox 122 2529 1137 2615; baseline 0.002 -21"><span class='ocrx_word' id='word_1_203' title='bbox 122 2531 271 2615; x_wconf 89' lang='lat' dir='ltr'>protinus</span> <span class='ocrx_word' id='word_1_204' title='bbox 291 2530 440 2614; x_wconf 84' lang='lat' dir='ltr'>militare,</span> <span class='ocrx_word' id='word_1_205' title='bbox 465 2531 541 2614; x_wconf 89' lang='lat' dir='ltr'>quia</span> <span class='ocrx_word' id='word_1_206' title='bbox 563 2529 661 2595; x_wconf 87' lang='lat' dir='ltr'>iussis</span> <span class='ocrx_word' id='word_1_207' title='bbox 680 2530 802 2595; x_wconf 88' lang='lat' dir='ltr'>nostris</span> <span class='ocrx_word' id='word_1_208' title='bbox 823 2531 1003 2596; x_wconf 89' lang='lat' dir='ltr'>obieceritis</span> <span class='ocrx_word' id='word_1_209' title='bbox 1026 2535 1137 2596; x_wconf 90' lang='lat' dir='ltr'>contu·</span> 
     </span>
     <span class='ocr_line' id='line_1_28' title="bbox 123 2616 1138 2705; baseline 0.001 -22"><span class='ocrx_word' id='word_1_210' title='bbox 123 2619 272 2684; x_wconf 89' lang='lat' dir='ltr'>maciam.</span> <span class='ocrx_word' id='word_1_211' title='bbox 318 2616 352 2683; x_wconf 81' lang='lat' dir='ltr'>Si</span> <span class='ocrx_word' id='word_1_212' title='bbox 381 2619 483 2705; x_wconf 82' lang='lat' dir='ltr'>igitur</span> <span class='ocrx_word' id='word_1_213' title='bbox 505 2618 697 2684; x_wconf 88' lang='lat' dir='ltr'>declinando</span> <span class='ocrx_word' id='word_1_214' title='bbox 721 2619 796 2684; x_wconf 91' lang='lat' dir='ltr'>huic</span> <span class='ocrx_word' id='word_1_215' title='bbox 820 2621 1038 2702; x_wconf 86' lang='lat' dir='ltr'>experimento</span> <span class='ocrx_word' id='word_1_216' title='bbox 1062 2642 1138 2684; x_wconf 91' lang='lat' dir='ltr'>con·</span> 
     </span>
     <span class='ocr_line' id='line_1_29' title="bbox 124 2707 1137 2793; baseline 0.002 -21"><span class='ocrx_word' id='word_1_217' title='bbox 124 2707 241 2793; x_wconf 79' lang='lat' dir='ltr'>culitis,</span> <span class='ocrx_word' id='word_1_218' title='bbox 260 2708 368 2774; x_wconf 89' lang='lat' dir='ltr'>decem</span> <span class='ocrx_word' id='word_1_219' title='bbox 389 2711 534 2773; x_wconf 89' lang='lat' dir='ltr'>oratores</span> <span class='ocrx_word' id='word_1_220' title='bbox 554 2710 680 2772; x_wconf 85' lang='lat' dir='ltr'>vestros</span> <span class='ocrx_word' id='word_1_221' title='bbox 700 2707 740 2772; x_wconf 89' lang='lat' dir='ltr'>ad</span> <span class='ocrx_word' id='word_1_222' title='bbox 759 2729 810 2771; x_wconf 90' lang='lat' dir='ltr'>mc</span> <span class='ocrx_word' id='word_1_223' title='bbox 831 2707 943 2773; x_wconf 89' lang='lat' dir='ltr'>deduci</span> <span class='ocrx_word' id='word_1_224' title='bbox 959 2709 1137 2790; x_wconf 88' lang='lat' dir='ltr'>patiemini.</span> 
     </span>
     <span class='ocr_line' id='line_1_30' title="bbox 123 2796 1137 2880; baseline 0.001 -20"><span class='ocrx_word' id='word_1_225' title='bbox 123 2796 196 2863; x_wconf 88' lang='lat' dir='ltr'>Hoc</span> <span class='ocrx_word' id='word_1_226' title='bbox 217 2798 300 2862; x_wconf 89' lang='lat' dir='ltr'>enim</span> <span class='ocrx_word' id='word_1_227' title='bbox 321 2797 416 2862; x_wconf 90' lang='lat' dir='ltr'>modo</span> <span class='ocrx_word' id='word_1_228' title='bbox 435 2796 634 2880; x_wconf 89' lang='lat' dir='ltr'>reliquorum</span> <span class='ocrx_word' id='word_1_229' title='bbox 652 2796 804 2879; x_wconf 87' lang='lat' dir='ltr'>urbisque</span> <span class='ocrx_word' id='word_1_230' title='bbox 821 2798 948 2861; x_wconf 89' lang='lat' dir='ltr'>vestrae</span> <span class='ocrx_word' id='word_1_231' title='bbox 961 2796 1137 2861; x_wconf 89' lang='lat' dir='ltr'>habebitur</span> 
     </span>
     <span class='ocr_line' id='line_1_31' title="bbox 61 2884 1138 2968; baseline -0.003 -17"><span class='ocrx_word' id='word_1_232' title='bbox 61 2905 111 2968; x_wconf 17' lang='lat'>⁸30</span> <span class='ocrx_word' id='word_1_233' title='bbox 124 2885 231 2951; x_wconf 68' lang='lat' dir='ltr'>ratio?</span> <span class='ocrx_word' id='word_1_234' title='bbox 269 2885 368 2952; x_wconf 90' lang='lat' dir='ltr'>Hisce</span> <span class='ocrx_word' id='word_1_235' title='bbox 387 2885 567 2951; x_wconf 90' lang='lat' dir='ltr'>Alexandri</span> <span class='ocrx_word' id='word_1_236' title='bbox 585 2885 703 2950; x_wconf 89' lang='lat' dir='ltr'>litteris</span> <span class='ocrx_word' id='word_1_237' title='bbox 727 2906 799 2949; x_wconf 90' lang='lat' dir='ltr'>cum</span> <span class='ocrx_word' id='word_1_238' title='bbox 823 2884 885 2949; x_wconf 91' lang='lat' dir='ltr'>hoc</span> <span class='ocrx_word' id='word_1_239' title='bbox 908 2888 1046 2966; x_wconf 86' lang='lat' dir='ltr'>tantum,</span> <span class='ocrx_word' id='word_1_240' title='bbox 1070 2907 1138 2949; x_wconf 91' lang='lat' dir='ltr'>non</span> 
     </span>
     <span class='ocr_line' id='line_1_32' title="bbox 125 2972 1138 3059; baseline -0.003 -19"><span class='ocrx_word' id='word_1_241' title='bbox 125 2997 159 3040; x_wconf 89' lang='lat' dir='ltr'>sc</span> <span class='ocrx_word' id='word_1_242' title='bbox 182 2975 326 3041; x_wconf 86' lang='lat' dir='ltr'>facturos</span> <span class='ocrx_word' id='word_1_243' title='bbox 350 2997 434 3054; x_wconf 88' lang='lat' dir='ltr'>esse,</span> <span class='ocrx_word' id='word_1_244' title='bbox 458 2973 776 3059; x_wconf 84' lang='lat' dir='ltr'>superscripsissent,</span> <span class='ocrx_word' id='word_1_245' title='bbox 805 2972 939 3037; x_wconf 89' lang='lat' dir='ltr'>candem</span> <span class='ocrx_word' id='word_1_246' title='bbox 964 2973 1138 3057; x_wconf 88' lang='lat' dir='ltr'>epistolam</span> 
     </span>
    </p>
   </div>
   <div class='ocr_carea' id='block_1_3' title="bbox 110 3163 1137 3578">
    <p class='ocr_par' dir='ltr' id='par_1_3' title="bbox 125 3163 1137 3305">
     <span class='ocr_line' id='line_1_33' title="bbox 213 3163 1137 3232; baseline -0.001 -10"><span class='ocrx_word' id='word_1_247' title='bbox 213 3174 229 3222; x_wconf 83' lang='lat'><strong>2</strong></span> <span class='ocrx_word' id='word_1_248' title='bbox 245 3166 477 3223; x_wconf 80' lang='lat' dir='ltr'>aMacedoniaA.</span> <span class='ocrx_word' id='word_1_249' title='bbox 496 3166 730 3222; x_wconf 86' lang='lat' dir='ltr'>eMacedoniaP.</span> <span class='ocrx_word' id='word_1_250' title='bbox 765 3170 781 3218; x_wconf 78' lang='grc' dir='ltr'>ὅ</span> <span class='ocrx_word' id='word_1_251' title='bbox 795 3163 919 3219; x_wconf 81' lang='lat' dir='ltr'>interimi</span> <span class='ocrx_word' id='word_1_252' title='bbox 926 3165 960 3219; x_wconf 94' lang='lat' dir='ltr'>P.</span> <span class='ocrx_word' id='word_1_253' title='bbox 989 3171 1004 3219; x_wconf 84' lang='grc'>9</span> <span class='ocrx_word' id='word_1_254' title='bbox 1020 3165 1096 3232; x_wconf 87' lang='lat' dir='ltr'>quod</span> <span class='ocrx_word' id='word_1_255' title='bbox 1104 3165 1137 3221; x_wconf 93' lang='lat' dir='ltr'>P.</span> 
     </span>
     <span class='ocr_line' id='line_1_34' title="bbox 125 3236 1137 3305; baseline -0.002 -13"><span class='ocrx_word' id='word_1_256' title='bbox 125 3240 174 3293; x_wconf 85' lang='lat' dir='ltr'>sed</span> <span class='ocrx_word' id='word_1_257' title='bbox 192 3238 228 3294; x_wconf 81' lang='lat' dir='ltr'>A.</span> <span class='ocrx_word' id='word_1_258' title='bbox 305 3245 337 3292; x_wconf 89' lang='lat'>11</span> <span class='ocrx_word' id='word_1_259' title='bbox 358 3238 531 3294; x_wconf 89' lang='lat' dir='ltr'>consultores</span> <span class='ocrx_word' id='word_1_260' title='bbox 550 3238 582 3292; x_wconf 93' lang='lat' dir='ltr'>P.</span> <span class='ocrx_word' id='word_1_261' title='bbox 662 3243 695 3292; x_wconf 78' lang='lat'>13</span> <span class='ocrx_word' id='word_1_262' title='bbox 713 3236 736 3289; x_wconf 91' lang='lat' dir='ltr'>E</span> <span class='ocrx_word' id='word_1_263' title='bbox 756 3253 812 3305; x_wconf 87' lang='lat' dir='ltr'>qua</span> <span class='ocrx_word' id='word_1_264' title='bbox 830 3252 859 3290; x_wconf 88' lang='lat' dir='ltr'>re</span> <span class='ocrx_word' id='word_1_265' title='bbox 878 3238 913 3289; x_wconf 83' lang='lat' dir='ltr'>A.</span> <span class='ocrx_word' id='word_1_266' title='bbox 947 3251 1034 3304; x_wconf 87' lang='lat' dir='ltr'>eaque</span> <span class='ocrx_word' id='word_1_267' title='bbox 1052 3251 1082 3290; x_wconf 90' lang='lat' dir='ltr'>re</span> <span class='ocrx_word' id='word_1_268' title='bbox 1104 3237 1137 3290; x_wconf 94' lang='lat' dir='ltr'>P.</span> 
     </span>
    </p>

    <p class='ocr_par' dir='ltr' id='par_1_4' title="bbox 110 3305 1137 3578">
     <span class='ocr_line' id='line_1_35' title="bbox 213 3305 1137 3366; baseline -0.004 0"><span class='ocrx_word' id='word_1_269' title='bbox 213 3311 241 3366; x_wconf 78' lang='lat'>3.</span> <span class='ocrx_word' id='word_1_270' title='bbox 263 3316 295 3365; x_wconf 85' lang='grc'>16</span> <span class='ocrx_word' id='word_1_271' title='bbox 315 3310 363 3363; x_wconf 90' lang='lat' dir='ltr'>diu</span> <span class='ocrx_word' id='word_1_272' title='bbox 382 3325 432 3365; x_wconf 86' lang='lat' dir='ltr'>om.</span> <span class='ocrx_word' id='word_1_273' title='bbox 449 3309 483 3364; x_wconf 92' lang='lat' dir='ltr'>P.</span> <span class='ocrx_word' id='word_1_274' title='bbox 549 3313 580 3362; x_wconf 80' lang='grc'>17</span> <span class='ocrx_word' id='word_1_275' title='bbox 600 3308 643 3363; x_wconf 90' lang='lat' dir='ltr'>tui</span> <span class='ocrx_word' id='word_1_276' title='bbox 658 3309 693 3365; x_wconf 88' lang='lat' dir='ltr'>P.</span> <span class='ocrx_word' id='word_1_277' title='bbox 719 3308 752 3362; x_wconf 90' lang='lat' dir='ltr'>de</span> <span class='ocrx_word' id='word_1_278' title='bbox 771 3311 800 3362; x_wconf 89' lang='lat' dir='ltr'>te</span> <span class='ocrx_word' id='word_1_279' title='bbox 819 3312 965 3362; x_wconf 80' lang='lat' dir='ltr'>correctam</span> <span class='ocrx_word' id='word_1_280' title='bbox 980 3324 1012 3362; x_wconf 76' lang='lat' dir='ltr'>cc</span> <span class='ocrx_word' id='word_1_281' title='bbox 1029 3305 1086 3361; x_wconf 86' lang='lat' dir='ltr'>suis</span> <span class='ocrx_word' id='word_1_282' title='bbox 1102 3307 1137 3362; x_wconf 86' lang='lat' dir='ltr'>A.</span> 
     </span>
     <span class='ocr_line' id='line_1_36' title="bbox 126 3376 1137 3447; baseline -0.003 -14"><span class='ocrx_word' id='word_1_283' title='bbox 126 3385 159 3434; x_wconf 88' lang='lat'>18</span> <span class='ocrx_word' id='word_1_284' title='bbox 183 3383 218 3435; x_wconf 93' lang='lat' dir='ltr'>ab</span> <span class='ocrx_word' id='word_1_285' title='bbox 242 3382 307 3436; x_wconf 83' lang='lat' dir='ltr'>add.</span> <span class='ocrx_word' id='word_1_286' title='bbox 332 3381 403 3436; x_wconf 82' lang='lat' dir='ltr'>Mai.</span> <span class='ocrx_word' id='word_1_287' title='bbox 432 3397 482 3435; x_wconf 88' lang='lat' dir='ltr'>om.</span> <span class='ocrx_word' id='word_1_288' title='bbox 508 3379 581 3434; x_wconf 67' lang='grc' dir='ltr'>ΑΡ.</span> <span class='ocrx_word' id='word_1_289' title='bbox 673 3384 706 3432; x_wconf 83' lang='lat'>21</span> <span class='ocrx_word' id='word_1_290' title='bbox 726 3376 868 3447; x_wconf 87' lang='lat' dir='ltr'>rescriptis</span> <span class='ocrx_word' id='word_1_291' title='bbox 891 3378 924 3432; x_wconf 94' lang='lat' dir='ltr'>P.</span> <span class='ocrx_word' id='word_1_292' title='bbox 1022 3383 1056 3432; x_wconf 79' lang='lat'>24</span> <span class='ocrx_word' id='word_1_293' title='bbox 1075 3393 1137 3447; x_wconf 86' lang='lat' dir='ltr'>per-</span> 
     </span>
     <span class='ocr_line' id='line_1_37' title="bbox 125 3448 1137 3520; baseline 0 -17"><span class='ocrx_word' id='word_1_294' title='bbox 125 3451 239 3506; x_wconf 87' lang='lat' dir='ltr'>duceret</span> <span class='ocrx_word' id='word_1_295' title='bbox 259 3451 293 3507; x_wconf 88' lang='lat' dir='ltr'>P.</span> <span class='ocrx_word' id='word_1_296' title='bbox 331 3457 366 3506; x_wconf 78' lang='grc'>26</span> <span class='ocrx_word' id='word_1_297' title='bbox 386 3451 452 3520; x_wconf 87' lang='lat' dir='ltr'>quia</span> <span class='ocrx_word' id='word_1_298' title='bbox 466 3451 502 3504; x_wconf 85' lang='lat' dir='ltr'>A.</span> <span class='ocrx_word' id='word_1_299' title='bbox 528 3467 582 3519; x_wconf 88' lang='lat' dir='ltr'>que</span> <span class='ocrx_word' id='word_1_300' title='bbox 597 3450 629 3504; x_wconf 91' lang='lat' dir='ltr'>P.</span> <span class='ocrx_word' id='word_1_301' title='bbox 658 3448 816 3504; x_wconf 86' lang='lat' dir='ltr'>obieceritis</span> <span class='ocrx_word' id='word_1_302' title='bbox 831 3448 930 3503; x_wconf 73' lang='lat' dir='ltr'>Saldae.</span> <span class='ocrx_word' id='word_1_303' title='bbox 955 3449 1090 3503; x_wconf 89' lang='lat' dir='ltr'>obiecerit</span> <span class='ocrx_word' id='word_1_304' title='bbox 1104 3448 1137 3503; x_wconf 87' lang='lat' dir='ltr'>P.</span> 
     </span>
     <span class='ocr_line' id='line_1_38' title="bbox 110 3519 859 3578; baseline 0.011 -12"><span class='ocrx_word' id='word_1_305' title='bbox 110 3519 253 3574; x_wconf 64' lang='lat' dir='ltr'>arceant</span> <span class='ocrx_word' id='word_1_306' title='bbox 267 3523 305 3576; x_wconf 82' lang='lat' dir='ltr'>A.</span> <span class='ocrx_word' id='word_1_307' title='bbox 382 3528 417 3576; x_wconf 84' lang='lat'>29</span> <span class='ocrx_word' id='word_1_308' title='bbox 437 3521 514 3578; x_wconf 83' lang='lat' dir='ltr'>urbis</span> <span class='ocrx_word' id='word_1_309' title='bbox 534 3521 569 3578; x_wconf 85' lang='lat' dir='ltr'>A.</span> <span class='ocrx_word' id='word_1_310' title='bbox 646 3526 678 3576; x_wconf 84' lang='lat'>30</span> <span class='ocrx_word' id='word_1_311' title='bbox 696 3520 749 3576; x_wconf 79' lang='lat' dir='ltr'>His</span> <span class='ocrx_word' id='word_1_312' title='bbox 771 3520 804 3575; x_wconf 88' lang='lat' dir='ltr'>P.</span> <span class='ocrx_word' id='word_1_313' title='bbox 856 3549 859 3553; x_wconf 41' lang='lat'><strong>²</strong></span> 
     </span>
    </p>
   </div>
   <div class='ocr_carea' id='block_1_4' title="bbox 0 0 1212 3826">
    <p class='ocr_par' dir='ltr' id='par_1_5' title="bbox 0 0 1212 3826">
     <span class='ocr_line' id='line_1_39' title="bbox 0 0 1212 3826; baseline 0 0"><span class='ocrx_word' id='word_1_314' title='bbox 0 0 1212 3826; x_wconf 95' lang='lat' dir='ltr'> </span> 
     </span>
    </p>
   </div>
  </div>
 </body>
</html>
