2414 3826
408 1074 762 1150 PRAEFATIO.

173 1409 413 1485 Quaerentibus
460 1408 572 1492 nohis,
620 1408 749 1493 quando
795 1407 898 1473 Iulius
945 1408 1096 1476 Valerius

79 1495 455 1581 Pseudo-Callisthenis
488 1520 545 1563 seu
577 1499 686 1581 potius
719 1495 841 1581 Aesopi
872 1499 1095 1565 narrationem

79 1587 239 1652 Graecam
264 1592 392 1651 seeutus
412 1586 590 1651 Alexandri
612 1586 784 1652 historiam
808 1607 955 1652 sermone
977 1587 1093 1654 Latino

80 1676 273 1759 narraverit,
292 1677 399 1740 nullus
420 1675 627 1759 antiquorum
646 1678 830 1760 temporum
849 1678 943 1740 testis
962 1681 1020 1761 est,
1039 1679 1095 1761 qui

80 1764 285 1848 respondeat.
330 1764 443 1848 Neque
467 1765 552 1828 enim
575 1764 671 1828 ullius
696 1764 850 1829 momenti
874 1771 924 1829 est
951 1766 1095 1830 testimo-

80 1854 172 1917 nium
196 1851 471 1936 Pseudo-Sergii,
500 1875 519 1916 a
543 1875 606 1936 quo
630 1852 705 1917 Iulii
730 1851 853 1917 Valerii
878 1853 975 1917 verba
999 1853 1098 1919 ‘iubet

80 1962 170 2007 omne
196 1941 343 2022 facessere
361 1940 573 2022 vfarnnlitinnr'
598 1938 642 2027 (p.
663 1942 696 2019 3,
716 1938 772 2024 18)
802 1947 1096 2006 commemorantur

81 2027 189 2118 (Serg.
219 2030 391 2113 Explanat.
419 2030 454 2093 in
482 2029 600 2095 Donat.
626 2028 674 2114 Π,
700 2028 740 2092 Κ.
764 2027 801 2092 G.
825 2027 861 2092 L.
885 2027 932 2092 IV
955 2051 985 2112 p.
1005 2027 1097 2117 577),

81 2119 325 2203 quoniamque
351 2123 460 2184 aetate
488 2119 543 2182 ille
566 2115 859 2202 Pseudo-Sergius
884 2117 1014 2202 vixerit,
1041 2140 1095 2182 ne·

82 2208 212 2272 seimus.
259 2206 437 2272 Videamus
470 2207 588 2292 igitur,
621 2206 776 2291 numquid
813 2229 851 2272 ex
883 2207 986 2292 ipsius
1020 2206 1096 2273 Iulii

81 2295 209 2360 Valerii
231 2295 317 2360 libro
342 2296 380 2360 de
404 2300 510 2360 aetate
534 2296 602 2360 eius
626 2317 811 2381 expromere
835 2297 1007 2379 possimus,
1048 2296 1096 2362 Ao
1177 2294 1181 2300 ’

80 2385 223 2468 primum
243 2385 370 2468 quidem
389 2385 572 2450 versionem
590 2384 667 2449 Iulii
686 2384 809 2450 Valerii
828 2389 902 2450 ante
921 2384 1096 2451 Theodosii

80 2478 230 2557 tempora
248 2473 368 2538 factam
383 2494 455 2537 esse
469 2473 533 2536 iarn
549 2474 694 2559 Angelus
709 2472 825 2557 Maius,
843 2475 967 2556 primus
983 2474 1096 2557 editor,

81 2561 234 2626 ostendit.
286 2560 371 2627 Nam
404 2583 476 2626 oum
511 2565 639 2627 constet
671 2558 846 2645 Serapeum
880 2559 1096 2626 Alexandriae

82 2671 169 2716 anno
195 2650 259 2716 391
285 2652 376 2716 iussu
399 2649 575 2715 Theodosii
598 2651 740 2725 dirutum
763 2671 843 2733 esse,
869 2649 954 2733 apud
977 2648 1095 2715 Iulium

81 2738 249 2802 Valerium
291 2739 431 2825 legimus
472 2737 634 2820 ‘ternplum
674 2740 768 2804 etiarn
805 2759 889 2803 nane
924 2737 1097 2820 Serapium

82 2826 303 2893 Parmenionis
324 2825 511 2911 appeltatnr'
536 2824 576 2914 (Ι,
596 2826 653 2915 32)
678 2831 710 2891 et
734 2825 896 2905 ‘obeliscos
920 2827 975 2908 qni
996 2826 1096 2891 auten

81 2916 295 2982 Alexandriae
317 2916 517 3000 persederant
544 2918 580 2981 in
606 2916 742 2998 Sarapis
769 2916 873 2997 ternpli
899 2916 1096 2998 circumsepto

80 3006 270 3070 extrinsecas
298 3005 491 3083 adsistentes,
523 3006 588 3070 eius
618 3005 738 3087 templi,
768 3006 850 3087 qaod
878 3008 963 3068 aetas
992 3004 1096 3068 iunior

82 3091 249 3158 laboravit'
278 3090 324 3179 (Ι,
345 3090 412 3180 30).
457 3093 583 3158 Deinde
611 3115 684 3158 oum
712 3091 875 3158 Iohannes
903 3089 1096 3175 Chrysosto·

82 3204 167 3262 mus,
191 3181 366 3247 Theodosii
390 3182 548 3266 aequalis,
573 3184 721 3267 quaerat:
744 3182 810 3245 ποῦ
832 3175 912 3266 γὰρ,
936 3178 1010 3245 εἰπέ
1029 3203 1097 3264 μοι,

80 3267 117 3335 τὸ
137 3270 227 3354 σῆμα
248 3265 480 3356 Ἀλεξάνδρου·
505 3267 619 3348 δεῖξόν
638 3293 695 3354 μοι
714 3266 769 3333 καὶ
788 3266 858 3334 εἰπὲ
876 3265 939 3352 τὴν
956 3263 1101 3353 ἡμέραν,

80 3357 162 3423 καθ’
186 3352 230 3442 ἣν
253 3354 443 3444 ἐτελεύτησε
464 3322 604 3451 (Homil.
620 3360 659 3430 in
675 3356 831 3429 SorinSn.
844 3355 1127 3444 hhhhhssst

80 3445 223 3510 Valerius
249 3469 309 3514 sua
336 3455 451 3521 aetate
482 3455 679 3527 etiamtuno
704 3449 901 3524 Alexandri
924 3442 1159 3530 senoensem
