2414 3826
404 174 523 237 ACTUS
542 174 764 232 ALEXANDRI.
1035 179 1077 244 99

65 337 240 405 clementia
269 339 506 422 competentius
534 338 665 422 feceris,
694 338 722 402 si
735 338 960 405 miseratione
987 341 1087 407 hosce

65 427 252 512 impertias,
281 448 364 511 quos
391 427 524 493 tibimet
545 426 678 493 fortuna
703 429 863 514 supplices
888 431 1084 513 procuravit.

64 516 174 602 Igitur
202 535 263 602 ego
290 536 349 599 per
375 515 535 582 favisores
563 515 613 581 tui
640 515 718 582 deos
740 517 909 601 nostrique
937 518 1084 584 adverso·

64 611 155 671 tores
185 625 306 689 quaeso
337 604 549 690 obsecroque,
578 603 629 669 nti
656 625 785 671 mecum
813 606 928 672 matris
956 628 1084 692 quoque

66 697 100 760 et
123 693 281 778 coniugis,
303 697 341 757 nt
362 695 396 756 te
415 693 550 778 dignum
569 695 630 777 est,
651 693 792 759 filiorum
811 716 937 778 qnoque
955 701 1110 762 nostro-s

64 804 138 847 rum
152 781 338 846 meminisse
355 803 425 847 non
444 801 625 866 aspernere.
661 780 743 847 Eius
761 783 825 847 tibi
843 783 1083 850 benivolentiae

65 869 324 938 vicissitudinem
343 870 498 954 spondeo,
516 871 566 935 uti
584 869 767 956 thesauros,
788 893 870 955 quos
894 892 932 936 ex
951 876 1080 938 vetusto

63 960 160 1025 nobis
185 978 278 1043 reges
301 962 452 1042 parentes
476 957 646 1024 subfossos
674 959 765 1024 humi
787 959 978 1043 abditosque
1001 961 1082 1025 late·

65 1048 134 1114 bris
153 1047 365 1132 reliquerunt,
387 1047 458 1131 ipse
482 1068 612 1132 quoque
635 1068 746 1112 coram
768 1046 908 1113 referam
930 1047 1082 1114 indicem-

64 1156 137 1222 quc,
155 1139 289 1221 tumque
303 1135 366 1201 tibi
379 1135 554 1202 Persarum
572 1136 650 1201 deos
664 1156 839 1221 prosperos
856 1139 891 1202 et
908 1135 1123 1220 imperiumn
1191 1178 1193 1183 -

66 1225 242 1292 secundum
265 1224 435 1290 Medorum
459 1225 557 1290 etiam
581 1229 615 1290 et
636 1225 836 1310 reliquarum
860 1225 1007 1311 gentium
1031 1225 1082 1290 de

64 1314 224 1399 precabor
246 1314 346 1400 digno
370 1313 518 1398 profecto
545 1314 606 1380 teli
628 1314 739 1378 tsvore
763 1314 966 1400 caelestium,
996 1315 1026 1381 si
1048 1315 1083 1379 in

64 1403 138 1469 aliis
158 1424 286 1488 quoque
304 1401 488 1468 relevandis
506 1403 625 1468 tuimet
642 1403 830 1469 memineris
854 1406 892 1468 ut
908 1401 1080 1469 mortalis?

154 1489 252 1556 Hisce
280 1491 399 1556 litteris
428 1491 565 1577 sumptis
589 1490 772 1556 Alexander
800 1491 984 1558 contionem
1006 1513 1080 1578 pro-

64 1581 153 1646 tinus
183 1579 392 1664 optimatium
422 1584 456 1644 et
486 1579 704 1664 praesentium
728 1580 824 1666 cogit
852 1584 886 1645 et
916 1602 968 1663 ea,
997 1602 1118 1665 quaere

65 1669 188 1754 scripta
208 1672 299 1752 sunt,
319 1669 451 1734 recitari
468 1690 535 1734 non
556 1667 672 1733 differt.
702 1668 877 1734 Enimvero
896 1673 975 1734 tunc
998 1692 1081 1734 unus

64 1757 294 1823 adsistentium
325 1756 525 1824 Parmenion
564 1759 600 1822 in
635 1779 707 1822 eam
749 1758 944 1822 sententiam
981 1757 1082 1843 vadit,

64 1845 114 1912 uti
140 1867 201 1911 neo
228 1845 443 1911 humanitatis
472 1845 615 1911 officium
642 1844 828 1911 Alexander
857 1845 997 1930 supplici
1025 1845 1081 1910 de-

63 1939 199 2021 negaret
226 1939 260 1999 ct
283 1956 333 2018 ea,
357 1955 439 2018 quae
463 1934 526 1999 sibi
549 1934 756 2018 promiserat,
779 1933 935 1998 libentius
958 1932 1080 2015 ampla

64 2028 205 2107 raretur,
222 2022 407 2089 redditurus
421 2023 544 2089 scilicet
562 2026 700 2087 metram
716 2022 840 2105 pariter
858 2023 891 2085 et
909 2021 1079 2104 coniugem
1094 2048 1120 2089 ro

64 2133 221 2179 unacum
239 2111 371 2177 filiabus
390 2111 535 2178 mercede
554 2110 716 2195 promissi.
755 2107 818 2174 Sed
837 2109 923 2174 enim
942 2107 1082 2175 adhaec

64 2201 260 2286 Alexander,
283 2199 418 2285 ‘Atqui'
442 2200 557 2285 inquit,
580 2197 614 2265 ‘o
633 2197 840 2283 Parmenion,
861 2197 944 2263 mibi
966 2200 1081 2264 contra

65 2290 239 2356 consilium
258 2292 309 2354 est
326 2290 522 2373 respondere
540 2287 652 2373 Dario,
673 2287 798 2353 frustra
820 2308 855 2352 ss
878 2287 972 2353 illum
990 2286 1080 2352 hisce

64 2380 100 2444 in
128 2400 189 2444 nos
215 2377 469 2443 liberalitatibus
497 2378 661 2461 iactitare,
691 2376 775 2462 quod
803 2376 976 2442 thesauros
1005 2397 1081 2442 suos

66 2488 188 2552 suaque
210 2488 313 2554 regna
335 2468 516 2551 pollicetur.
556 2465 632 2532 Non
655 2466 741 2531 enim
763 2465 854 2532 videt
875 2470 993 2531 cuncta
1015 2465 1079 2531 ista
1092 2493 1118 2534 ss

64 2555 155 2640 haec,
169 2576 251 2640 quae
264 2556 359 2621 nobis
375 2556 495 2622 litteris
514 2555 680 2641 largietur,
697 2556 767 2620 iure
785 2554 865 2619 belli
882 2558 996 2621 nostra
1011 2574 1081 2618 esse

63 2645 225 2729 perfecta,
253 2666 358 2729 neque
381 2644 436 2709 ille
460 2666 556 2729 super
583 2643 673 2709 hisce
695 2643 791 2708 nobis
815 2641 990 2727 aliquando
1015 2641 1081 2706 bel·

65 2734 134 2799 lum
161 2733 329 2799 indixerat.
378 2733 479 2798 Enim
502 2732 588 2818 quod
617 2730 695 2816 ipsi,
723 2751 932 2816 quaecunque
962 2729 1080 2796 Darius

63 2821 254 2905 possederat
281 2824 314 2886 et
342 2822 527 2907 obtinebat,
554 2823 669 2886 nostra
698 2840 782 2902 esse,
810 2818 843 2882 id
873 2821 922 2882 est
948 2817 1080 2883 virtutis

52 2910 224 2996 praemia,
246 2910 493 2995 arbitraremur,
520 2908 639 2975 idcirco
663 2908 698 2972 in
720 2906 802 2972 haec
823 2905 896 2990 ipsa
918 2927 971 2970 me
993 2905 1078 2970 mili·
1094 2933 1120 2974 so

155 3049 274 3105 lhoscs
295 3048 327 3103 Τ.
352 3049 405 3104 hos
423 3048 456 3106 P.
499 3046 650 3104 2tibimst
666 3045 698 3102 P.
725 3043 779 3099 tibi
801 3044 831 3100 Τ.
868 3051 958 3114 sego
975 3059 1026 3112 per
1047 3043 1078 3098 Τ.

63 3136 163 3192 expers
181 3121 214 3177 P.
247 3121 433 3176 advorsitores
455 3119 485 3174 T.
547 3123 644 3188 tpost
661 3117 743 3174 cerba
763 3115 818 3170 ‘uti
836 3114 957 3170 mecnm'
978 3114 1080 3170 desiuit

62 3194 247 3262 srupmeatum
268 3192 439 3248 Pammenes
457 3209 476 3246 a
495 3191 578 3246 Maio
596 3190 717 3257 editum
738 3187 839 3258 insipit
862 3187 960 3254 sotium
978 3185 1080 3241 radias

65 3263 319 3330 Pessinuntiam,
342 3263 415 3333 quod
437 3264 496 3332 ipse
519 3261 579 3331 topi.
618 3266 634 3315 6
653 3275 801 3330 aspernere
820 3264 847 3314 τ.
875 3272 1025 3326 aspernare
1043 3254 1077 3312 P.

62 3334 213 3391 Babditos
231 3340 259 3388 τ.
310 3338 344 3389 18
363 3333 488 3390 officium
507 3348 558 3389 om.
577 3330 611 3386 P.
661 3336 694 3385 21
714 3330 873 3385 mercedem
891 3335 919 3386 τ.
969 3331 1004 3381 26
1022 3326 1078 3381 lar-

63 3403 158 3476 gietur
171 3411 199 3460 τ.
216 3405 337 3477 lorgitur
350 3405 383 3460 P.
412 3420 472 3460 esse
490 3419 541 3460 om.
556 3402 590 3458 P.
646 3407 680 3458 2⁵1
699 3400 743 3457 his
758 3400 791 3456 P.
845 3405 879 3455 28
897 3398 1038 3456 indixerat
1051 3403 1078 3452 'A

61 3477 213 3532 induxerat
228 3476 281 3603 Pp
304 3482 338 3532 29
358 3478 387 3532 et
404 3491 455 3533 om.
470 3480 498 3531 T.
525 3473 641 3531 virtutis
651 3479 683 3530 ἲ.
702 3470 861 3531 virtut'rP.
897 3475 938 3525 Ab
953 3484 1007 3520 me
1024 3479 1102 3518 uort-

63 3553 283 3603 wwzw.
1186 3554 1189 3559 ·

926 3623 971 3680 *A*
