2414 3826
422 198 552 254 OBITUS
571 189 796 254 ALEXANDRI.
1050 198 1114 263 119

100 361 219 448 proelii
245 360 330 426 hano
358 360 471 444 fuisse,
503 360 531 425 si
561 361 779 444 experimento
809 359 881 444 ipso
909 360 1114 426 fortitudinis

102 472 180 515 suae
199 455 313 534 gentes
329 471 455 534 quoque
470 452 596 514 ceterae
611 449 808 535 didicissent,
823 449 1002 514 amicitiam
1021 471 1115 514 suam

100 539 251 623 singulos
271 538 377 624 magis
401 560 497 622 quam
516 537 754 603 vehementiam
777 538 915 622 experiri
934 538 1115 604 convenire.

100 627 207 712 Igitur
234 627 320 691 irent
348 627 484 712 quisque
513 648 643 691 securus
677 629 710 691 in
744 649 803 691 sua
834 649 893 692 nec
920 626 1007 691 ultra
1031 627 1115 712 quic-

99 737 198 800 quam
231 715 269 780 de
299 715 460 782 victorum
493 714 669 779 insolentia
700 715 918 800 trepidarent,
950 737 1024 780 cum
1057 716 1148 780 illas

101 825 228 889 quoque
261 825 359 868 causa
396 804 435 867 ab
468 803 693 887 indignatione
725 804 858 869 victoris
897 825 967 868 sese
1004 805 1115 888 utique

99 895 261 970 tueretur,
295 892 379 975 quod
409 893 554 975 plerique
584 893 711 957 soleant
742 894 777 955 in
808 892 965 957 ultionem
996 892 1115 977 prioris

99 981 315 1046 contumeliae
334 980 463 1064 insequi
477 983 659 1063 superatos.
689 978 764 1045 Non
778 978 877 1044 Indos
897 981 983 1045 enim
1002 980 1115 1064 culpae

99 1069 189 1134 illius
212 1090 285 1134 reos
309 1068 395 1152 apud
419 1090 453 1132 se
476 1068 588 1152 fuisse,
609 1090 722 1133 verum
744 1067 874 1146 Porum,
898 1069 953 1151 qui
977 1071 1029 1133 sat
1052 1068 1115 1132 sibi

98 1179 287 1242 poenarum,
310 1179 392 1242 quae
415 1158 467 1220 lex
490 1157 578 1240 belli,
602 1157 738 1240 monuit,
760 1156 988 1241 praestitisset
1034 1155 1114 1222 ‘Sed
1129 1178 1155 1218 ιι

98 1268 141 1311 ne
160 1246 223 1330 ipsi
241 1245 371 1330 quidem
389 1244 477 1309 ultra
495 1245 560 1310 iam
579 1244 685 1310 hostis
704 1244 796 1324 sum,'
817 1245 871 1310 ait.
904 1243 1114 1322 ‘Quinetiam

99 1334 216 1400 hortor
234 1355 414 1416 moneoque
433 1356 501 1419 vos,
520 1334 567 1398 uti
586 1355 705 1418 regem,
724 1337 761 1398 ut
778 1333 829 1398 fas
848 1333 952 1418 exigit
970 1337 1004 1399 et
1020 1335 1114 1399 vobis

99 1423 200 1488 moris
230 1426 294 1502 est,
322 1422 506 1507 sepulturae
534 1421 704 1487 inferatis?
751 1421 802 1486 Ad
825 1422 906 1487 haec
929 1423 1016 1487 dieta
1039 1422 1113 1488 Ale·

99 1511 217 1576 xandri
244 1534 310 1577 non
338 1514 527 1576 cunctanter
556 1510 686 1595 quidem
713 1511 923 1595 adquisierat
945 1513 995 1578 ris
1019 1510 1114 1577 Indo·

98 1622 182 1666 rum.
224 1596 286 1664 Sed
306 1600 392 1663 enim
412 1599 596 1665 Alexandro
618 1621 685 1665 non
709 1601 831 1684 absque
855 1600 929 1664 utili
953 1601 1114 1683 sapientia
1127 1620 1154 1662 rs

16 1738 19 1743 «
99 1688 180 1753 haec
206 1686 395 1756 humanitas
424 1688 566 1767 sederat,
593 1709 665 1753 cum
693 1691 726 1751 et
752 1690 820 1753 vim
842 1688 988 1754 Indicam
1017 1710 1113 1774 saepe

100 1781 250 1860 expertus
271 1779 358 1842 foret
376 1779 410 1841 et
427 1777 580 1861 pleraque
599 1776 738 1861 praedae
758 1798 879 1859 eorum,
903 1798 985 1863 quae
1005 1799 1114 1842 secum

99 1867 241 1950 plurima
270 1865 376 1949 gentis
405 1886 483 1930 suae
511 1886 601 1930 more
629 1864 702 1930 Indi
729 1866 770 1929 ad
797 1866 955 1949 proelium
981 1865 1113 1950 vehunt,

99 1955 135 2017 in
99 1976 250 2018 insuam
272 1956 470 2038 potestatem
494 1954 591 2019 sciret
613 1974 683 2017 esse
706 1954 900 2036 translapsa.
1128 1975 1152 2015 ιι

192 2041 250 2107 10.
296 2042 402 2119 Quare
433 2042 546 2108 domit
536 2064 565 2107 rs
521 2042 672 2107 tthos
672 2041 746 2106 ibus
781 2044 958 2192 avectaque
993 2039 1167 2126 praedam.

99 2130 140 2195 ad
172 2130 381 2216 Oxydracont
382 2153 434 2211 as,
464 2153 546 2216 quae
577 2151 657 2216 gens
687 2129 771 2194 exim
802 2129 990 2212 colit,i1ter
1020 2151 1114 2194 suum

98 2219 224 2304 dirigit,
252 2241 317 2285 non
345 2181 437 2284 illuni
460 2220 588 2323 quidem
611 2221 743 2305 gentem
766 2230 804 2284 ιιι
826 2179 1020 2283 hosticam
1010 2239 1114 2283 meur-

101 2311 287 2372 saturus-
242 2330 402 2393 -neque
417 2309 504 2373 enim
518 2309 584 2373 illis
599 2306 707 2374 studia
721 2311 798 2373 sunt
812 2329 1032 2373 armorum—
1034 2358 1043 2392 ,
1058 2306 1114 2372 sed

100 2397 188 2480 quod
208 2397 333 2462 celebre
357 2410 428 2462 esse
430 2396 571 2480 tIndoS,
594 2419 674 2499 quos
694 2397 987 2482 gymnosophistas
1006 2397 1114 2482 appel·

99 2486 180 2568 lant,
204 2485 350 2550 hiscem
368 2486 517 2570 partibus
535 2486 669 2570 versari,
692 2508 789 2570 opum
814 2486 942 2571 quidem
967 2487 1112 2557 omnium
1126 2506 1152 2546 ss

98 2578 133 2638 et
161 2561 315 2659 cuiusque
343 2575 439 2658 pretii
466 2575 686 2660 negligentes,
715 2574 792 2641 solis
820 2595 897 2639 vero
928 2573 1112 2639 diversoriis

99 2662 348 2747 patientissimi,
380 2684 462 2765 quae
494 2662 586 2728 humi
618 2684 718 2728 manu
748 2662 942 2727 exhauriunt
973 2662 1112 2728 aditibus

98 2755 313 2836 perangusta,
341 2753 506 2817 enimvero
530 2752 606 2817 subt
592 2755 643 2816 ter
666 2751 818 2835 capacius
843 2750 999 2834 spatiata,
1026 2749 1112 2835 quod

188 2905 339 2980 saecutus
359 2942 409 2981 om.
427 2924 464 2980 A.
544 2926 616 2980 tad
633 2923 827 2994 indignatione
845 2940 915 2979 corr.
934 2924 966 2978 io
984 2923 1043 2977 indi
1085 2940 1113 2979 a·

98 2995 206 3050 tionem
224 2997 261 3050 A.
316 2997 476 3051 ltueretur
492 2995 531 3051 A.
558 2998 683 3052 uteretur
701 2996 735 3052 P.
794 2994 905 3050 billius
923 2993 958 3050 A.
966 2994 1000 3048 P.
1028 3011 1047 3048 u
1081 3012 1114 3048 us

94 3081 177 3136 prop.
198 3068 273 3122 Mai.
319 3072 353 3121 10
372 3084 443 3135 quae
463 3068 522 3122 Mr.
551 3067 618 3136 quia
636 3083 705 3122 corr.
724 3083 758 3121 ex
776 3064 825 3136 qui
843 3066 879 3122 A.
908 3082 961 3135 que
981 3065 1013 3119 P.
1042 3081 1113 3146 quas

94 3153 177 3206 prop.
202 3139 276 3192 Mai.
352 3145 384 3192 16
403 3136 564 3193 humanitas
588 3137 621 3193 P.
649 3137 794 3193 humilitas
817 3137 853 3191 A
929 3142 963 3192 18
981 3135 1053 3192 mori
1076 3136 1113 3190 A.

101 3213 134 3262 19
153 3208 241 3264 Hie'
228 3210 316 3264 emori
332 3210 392 3265 vult
410 3209 518 3264 Meusel
538 3208 682 3279 (Flecteris.
701 3210 776 3264 Ama.
791 3212 836 3278 99,
851 3225 881 3278 p.
896 3209 966 3278 285)
985 3224 1027 3277 eo,
1044 3223 1114 3276 qaue

98 3294 133 3334 ea
153 3279 351 3335 Rettulimus
369 3281 442 3348 adp
445 3283 532 3347 1.23,
546 3282 590 3335 15.

189 3350 238 3407 10.
257 3356 292 3406 20
311 3349 427 3405 domitis
420 3297 477 3405 A.
503 3321 616 3406 dimotis
630 3351 663 3406 P.
695 3352 848 3418 erectaque
869 3350 904 3405 P.
946 3354 978 3403 21
1000 3349 1113 3418 osydra-

99 3422 199 3476 contus
217 3422 253 3476 A.
283 3420 478 3476 osidraeontas
498 3422 531 3476 P.
578 3428 612 3475 22
631 3421 821 3476 incursatums
840 3422 875 3476 P.
902 3419 1066 3474 incursatur
1087 3423 1125 3468 A.

100 3495 136 3545 25
153 3490 198 3547 his
215 3491 248 3548 P
321 3497 355 3548 96
374 3492 521 3549 diversorii
539 3491 751 3566 sapientissimi
770 3493 808 3548 A
840 3497 883 3546 ‘ab
901 3485 1078 3557 ausaausa
1085 3482 1147 3532 ιιι-

96 3577 186 3617 mann.
216 3562 369 3633 capacibus
388 3567 425 3625 A.
432 3565 468 3624 P.
