2414 3826
122 188 164 253 38
555 186 702 242 siunai.

122 356 154 417 et
178 351 243 416 alia
260 351 312 416 vel
336 349 493 435 mirande,
516 371 609 414 mons
629 371 756 434 quoque
774 353 908 435 propter
930 351 997 416 illic
1016 351 1136 416 visitur

122 463 160 506 ex
175 443 342 525 congestu,
361 461 458 523 quem
476 438 631 504 incuriosi
645 439 817 504 vetustatis
833 441 1014 504 naturalem
1035 440 1135 505 etiam

122 529 304 612 opinantur.
347 527 409 593 Sed
434 549 472 591 ea
495 528 597 592 moles
621 529 741 612 egestis
765 528 907 612 undique
930 533 1017 594 terra
1037 533 1135 614 atque

120 617 299 698 ruderibus,
323 618 440 702 quibus
462 616 673 681 fundamenta
696 617 762 680 sint
784 617 954 682 moenibus
977 617 1137 682 exhausta

95 710 339 791 evacuataque,
373 727 474 790 eoque
503 704 642 770 conlatis
676 726 714 770 ac
741 706 921 789 superfusis
949 706 1136 772 huiusmodi

122 795 220 861 erecti
244 800 276 859 et
299 794 391 859 ardui
415 794 535 859 montis
560 793 816 880 magnitudinem
840 795 986 879 sumpsit.

212 882 269 949 29.
294 882 430 948 Omnem
453 887 564 948 tamen
586 883 751 949 moenium
770 883 962 949 varietatem
986 883 1135 948 distinxit
1153 893 1199 946 28.

121 973 308 1037 nominibus
346 976 379 1037 et
415 972 552 1038 secrevit
587 972 647 1037 sub
684 971 902 1055 appellatione
935 973 1134 1038 Graecorum

122 1063 355 1127 elementorum
386 1063 627 1145 primarumquc
659 1063 800 1144 quinque
832 1061 1030 1143 litterarum,
1067 1083 1135 1127 non

81 1172 107 1212 ro
123 1152 233 1234 utique
257 1151 342 1235 quod
366 1151 427 1215 hoc
450 1150 520 1235 regi
544 1151 588 1213 sit
610 1149 837 1215 tantummodo
860 1149 999 1233 libitum,
1022 1172 1136 1215 verum

121 1239 170 1302 uti
194 1262 233 1304 ex
256 1240 345 1304 hisce
370 1239 488 1303 litteris
518 1239 567 1302 sui
590 1237 732 1302 nominis
756 1238 958 1322 perpetuitas
985 1238 1020 1302 in
1043 1239 1135 1303 urbis

121 1329 268 1412 partibus
298 1327 530 1392 celebraretur:
561 1325 767 1410 significante
799 1327 923 1391 scilicet
949 1327 1055 1411 prima
1083 1328 1136 1392 lit·

121 1421 191 1480 tera
214 1438 332 1481 nomen
356 1414 542 1499 Alexandri,
565 1415 704 1479 secunda
726 1437 803 1481 vero
826 1417 914 1500 regis
939 1437 977 1479 ex
1002 1415 1135 1500 Graeco,

121 1507 218 1569 tertia
241 1527 339 1589 porro
364 1505 505 1589 generis,
534 1508 651 1588 quarta
674 1503 772 1568 etiam
796 1503 897 1589 Iovis,
926 1504 1040 1588 quinta
1064 1526 1135 1569 sese

81 1594 246 1658 refecisse.
303 1592 354 1657 Sic
386 1595 474 1657 enim
507 1594 535 1656 si
568 1593 640 1676 quis
673 1593 770 1657 hasce
803 1593 943 1678 quinque
976 1594 1135 1658 orationis

120 1687 230 1766 partes
259 1683 464 1765 usurpaverit
488 1680 612 1746 Graeca
634 1682 761 1766 lingua,
789 1682 932 1746 inveniet
955 1682 1007 1746 his
1031 1684 1135 1747 nomi-

120 1771 217 1836 nibus
241 1792 278 1835 ac
302 1770 409 1843 verbis
428 1770 550 1854 primas
573 1769 633 1834 has
656 1770 782 1834 litteras
800 1770 900 1835 fuisse
921 1771 1136 1856 praepositas,

121 1862 206 1945 quod
225 1859 410 1924 Alexander
428 1859 498 1924 Rex
517 1857 627 1923 Genus
648 1857 736 1924 Iovis
756 1858 907 1924 Fecisset.
954 1858 1133 1943 Sepulchro
1152 1869 1198 1923 29.

120 1954 228 2015 tamen
253 1949 403 2015 draconis
426 1949 514 2013 illius
538 1948 604 2013 iam
627 1948 784 2032 perfecto,
808 1969 880 2012 curn
903 1949 1013 2012 trabes
1037 1970 1133 2032 quae-

79 2038 209 2124 rodam,
238 2061 319 2124 quae
346 2038 386 2103 ad
409 2038 593 2124 ingressum
622 2036 690 2101 eius
719 2035 884 2101 columnas
913 2037 1134 2122 impresserat,

119 2149 196 2193 casu
216 2128 384 2211 repentino
409 2127 589 2192 corruisset
609 2125 877 2209 dissiluissetque,
901 2147 1022 2210 angues
1047 2147 1133 2191 com·

118 2217 259 2300 plusculi
278 2216 420 2280 indidem
439 2214 608 2279 emersisse
628 2218 703 2279 sunt
721 2213 793 2295 visi,
811 2213 909 2298 hique
928 2215 1134 2301 reptabundi,

118 2309 217 2387 prout
236 2304 350 2386 cuique
371 2303 412 2367 ad
429 2303 608 2368 lubentiam
627 2303 768 2386 impetus
783 2302 854 2387 fuit,
874 2307 1132 2368 constructarum

119 2394 273 2456 domuum
302 2391 483 2475 penetralia
510 2392 666 2455 inuasere.
713 2389 805 2468 Quod
829 2413 901 2456 cum
925 2393 1030 2476 ipsum
1055 2415 1133 2477 quo-

79 2499 105 2539 us
120 2502 180 2564 que
200 2479 343 2544 terribile
363 2480 537 2545 admodum
557 2479 727 2564 videretur,
745 2501 812 2544 non
831 2483 1019 2546 cunctanter
1038 2482 1134 2546 arioli

118 2570 370 2653 pronuntiavere
397 2569 457 2633 hos
487 2590 613 2652 quoque
642 2569 816 2634 daemonas
841 2574 873 2634 et
896 2571 1061 2653 praesules
1086 2571 1133 2635 lo·

118 2680 229 2724 corum
263 2680 333 2723 esse
366 2657 576 2740 domibusque
610 2658 748 2742 singulis
783 2658 935 2723 colendos
972 2681 1031 2742 pro
1069 2659 1133 2723 diis

117 2746 292 2831 penatibus
316 2747 401 2811 tradi
425 2752 589 2830 oportere3
616 2747 747 2830 eiusque
772 2769 842 2812 mos
867 2747 948 2812 vivit
971 2752 1005 2811 et
1028 2747 1133 2812 adhuc

118 2836 331 2901 Alexandriae
358 2836 529 2920 religiosus
558 2840 608 2899 est
636 2837 696 2899 sub
724 2836 890 2919 penatium
914 2836 1047 2900 deorum
1076 2837 1133 2901 ho-

76 2943 103 2983 ³0
117 2947 197 2990 nore
221 2928 253 2989 et
277 2924 371 2990 statis
396 2924 508 2989 dicbus
533 2927 643 2989 suetus
668 2924 731 2989 coli
755 2946 844 2988 more
863 2924 1030 3008 religionis
1050 2926 1134 2989 eius-

117 3015 219 3078 modi:
249 3015 417 3098 polentam
448 3036 487 3077 ex
516 3013 642 3095 tritius,
673 3012 759 3097 quod
790 3013 833 3077 sit
864 3015 932 3078 esui
961 3014 1134 3098 anguibus,

116 3104 255 3185 iaciunt,
289 3107 322 3166 et
354 3102 518 3167 coronatis
549 3102 756 3186 optimatium
788 3124 858 3166 mos
892 3104 941 3166 est
973 3103 1133 3187 templum

207 3282 221 3330 1
241 3275 323 3331 valde
341 3275 471 3331 mirande
489 3277 591 3331 Ebert.
665 3284 682 3331 4
701 3277 758 3331 sint
776 3277 811 3331 A.
838 3279 903 3331 sunt
921 3277 1023 3332 Eberb.

206 3347 255 3403 29.
283 3353 299 3402 9
320 3348 516 3403 alimentorum
535 3349 571 3403 A.
659 3353 691 3402 l'l
711 3349 817 3418 primas
835 3349 942 3417 carpsi.
972 3365 1076 3418 pronas
1096 3349 1132 3402 A.

117 3424 150 3472 18
170 3419 244 3487 quod
263 3422 292 3473 et
310 3421 346 3474 A.
433 3424 467 3473 20
486 3435 557 3487 quae
577 3418 677 3474 Eberb.
707 3437 763 3488 qua
781 3419 816 3475 A.
852 3419 1010 3488 ingressum
1030 3420 1132 3475 Eberb.

100 3503 236 3550 gressum
257 3490 294 3543 A.
406 3495 440 3544 21
462 3490 704 3560 dissiluissentque
725 3493 760 3546 A.
868 3495 903 3544 24
923 3489 1077 3561 penitralie
1096 3492 1131 3546 A.

88 3555 129 3601 eo
144 3556 233 3609 stetis
248 3559 310 3614 Mr.
334 3561 460 3616 aestatis
479 3563 516 3619 A.
593 3569 630 3620 32
651 3563 806 3622 coronatos
825 3561 927 3618 Eberla.
