2414 3826
90 149 181 204 XXVI
488 150 702 206 PRAEFATIO.

92 313 141 377 dri
164 312 206 376 M.
231 313 352 396 scripta
375 313 551 378 Vratislav.
576 314 676 394 1881,
705 313 866 379 Baehrens
889 315 923 378 iu
947 313 1105 381 Fleckeis.

93 402 275 465 Annalibus
302 403 402 486 1812,
427 425 456 485 p.
472 403 545 483 636,
568 402 738 466 Eberhard
759 403 793 466 in
816 403 900 467 libro
925 403 965 466 ab
991 406 1104 470 amicis

93 489 236 555 Oreoelio
261 491 406 568 dedicato
430 490 551 555 Elberf.
577 491 676 574 1881,
705 491 915 556 Vellemoauus
942 492 976 555 in
1005 492 1107 558 adno-

91 579 272 643 tationibus
303 581 336 642 in
367 579 483 643 Iulium
513 577 679 642 Valerium
710 581 828 644 criticis
859 579 977 644 Portae
1009 583 1108 665 1882,

92 667 306 749 1001010100
323 668 356 730 111
373 668 469 732 10010
484 667 709 732 dissertatione
724 666 835 733 Diario
852 666 1107 751 Gymnasiorum

94 756 338 820 Austriacorum
369 756 491 820 inserta
523 756 624 838 1882,
655 779 685 839 p.
704 757 770 821 433
786 779 847 839 sq.,
876 757 1042 840 Bopserrus
1073 760 1107 822 in

92 844 266 929 Philologo
283 845 375 926 1883,
390 868 420 929 p.
435 845 508 927 308,
522 844 646 909 Rdusele
659 846 694 907 111
708 845 797 910 Diar.
812 844 927 928 Gymn.
944 845 1107 911 Austriao.

94 933 194 1015 1883,
225 957 254 1016 p.
275 933 339 999 896
360 956 419 1018 00.,
447 934 517 1017 ipse
544 934 579 996 in
603 933 742 997 Hermae
767 933 986 999 Berolinensis
1013 940 1106 1000 tomo

92 1020 188 1086 XXII
213 1019 339 1107 (1881).
390 1021 511 1086 Multas
543 1021 784 1086 emendationes
814 1023 847 1086 in
875 1045 969 1087 usum
998 1045 1108 1088 meum

93 1112 300 1175 contulerunt
323 1111 436 1175 Bruao
457 1111 532 1174 Keil
555 1113 588 1172 et
610 1109 790 1175 Fridcricus
813 1110 924 1192 Setiae,
948 1112 1004 1195 qui
1029 1114 1109 1176 ami-

93 1199 214 1263 cissimi
230 1200 264 1262 in
278 1199 422 1283 plagulis
437 1219 563 1282 quoque
580 1199 778 1284 corrigendis
794 1203 956 1263 strenuam
972 1221 1107 1283 operam

93 1288 172 1350 mihi
196 1288 436 1370 praestiterunt.

491 1481 704 1490 ...—-...—..—-

184 1692 300 1755 Addidi
316 1691 399 1756 Iulio
411 1690 543 1758 Valerio
558 1691 797 1758 Collationem
811 1690 1010 1759 Alexandri
1025 1709 1109 1758 cum

93 1779 275 1862 Iliudimo,
299 1796 383 1860 rege
402 1779 699 1863 Bragmanorum,
724 1796 787 1863 per
808 1780 953 1846 litteras
972 1779 1109 1847 factam

95 1876 127 1933 et
141 1868 343 1951 Epistolam
357 1866 556 1934 Alexandri
570 1868 614 1934 ad
626 1866 873 1952 Aristotelem,
889 1869 1109 1949 magistrum

94 1975 212 2040 suum,
234 1957 275 2023 10
294 1958 426 2024 itinere
446 1974 509 2023 suo
529 1957 566 2022 et
585 1956 627 2022 10
646 1956 722 2022 situ
740 1957 877 2042 Indiae,
898 1981 960 2043 quo
979 1958 1108 2024 facilior

95 2048 202 2113 aditus
221 2048 396 2132 philologis
415 2051 541 2131 pateret
564 2047 605 2111 ad
627 2048 707 2111 haec
728 2049 858 2132 scripta,
881 2069 1018 2131 quorum
1043 2048 1108 2112 011-

96 2138 201 2200 tiones
229 2158 321 2200 rarae
350 2141 434 2200 suut.
480 2135 543 2219 110,
572 2135 655 2199 siout
682 2135 801 2199 Iulium
828 2135 1007 2217 Valerium,
1035 2137 1110 2220 ipsa

95 2246 222 2308 quoque
247 2246 284 2301 ex
307 2223 396 2287 fonte
417 2221 540 2288 Graeco
559 2225 719 2288 translata
738 2246 818 2306 esse,
841 2230 1013 2307 propterea
1032 2246 1109 2289 con-

94 2312 171 2393 ieci,
201 2311 285 2394 quod
317 2312 350 2373 in
381 2310 489 2375 codice
518 2311 753 2396 Bambergensi
782 2313 820 2378 E.
848 2312 905 2377 ΙΙΙ.
931 2315 973 2377 14
1004 2314 1109 2378 altera

95 2421 207 2463 eorum
238 2399 344 2463 forma
373 2397 508 2480 Latina,
541 2399 669 2463 saeculo
700 2399 730 2463 X
762 2402 796 2464 in
826 2399 1005 2484 Campania
1035 2407 1110 2467 orta

95 2492 312 2570 conservatur,
337 2508 418 2570 quae
439 2487 523 2571 quod
547 2488 588 2552 ad
608 2510 659 2552 res
680 2493 814 2573 spectat,
836 2491 902 2554 illis
921 2490 1109 2575 persimilis,

94 2576 201 2640 verbis
232 2575 326 2641 valde
358 2577 398 2640 ab
430 2579 476 2640 eis
507 2577 711 2660 discrepans,
740 2578 830 2643 nullo
861 2579 956 2643 modo
988 2580 1029 2642 ab
1060 2579 1108 2643 eis

94 2664 233 2747 pendere
265 2668 382 2749 potest.
437 2664 485 2730 De
518 2665 578 2730 hac
610 2687 645 2729 re
678 2666 838 2750 copiosius
872 2668 924 2752 egi
956 2668 989 2730 in
1017 2665 1108 2731 Voll-

96 2753 241 2817 moelleri
266 2753 387 2818 Studiis
411 2753 567 2818 Romanis
592 2752 703 2839 (1888,
726 2777 757 2838 p.
774 2756 840 2820 203
855 2756 930 2841 00),
957 2755 1013 2819 ubi
1042 2758 1108 2839 epi·

95 2842 197 2905 stolas
221 2864 237 2906 0
262 2842 370 2907 codiee
394 2843 628 2926 Bambergensi
651 2843 746 2906 edidi.

184 3019 292 3102 Atque
323 3020 363 3082 ad
393 3018 610 3085 Collationem
640 3019 818 3083 Alexandri
849 3041 920 3084 oum
951 3020 1107 3085 Dindimo

96 3108 324 3172 recensendam
347 3109 565 3171 instrumenta
594 3107 673 3170 mihi
701 3112 831 3191 praesto
855 3107 986 3174 fuerunt
1013 3109 1107 3173 haec:

126 3233 163 3296 L.
187 3263 228 3284 =
254 3229 381 3296 Codex
412 3231 619 3296 Leidensis.
672 3231 733 3297 Ms.
762 3234 818 3298 lat.
849 3233 960 3297 Vossii
992 3232 1029 3308 Q.
1055 3234 1107 3298 20.

254 3321 388 3385 membr.
413 3341 493 3384 0000.
517 3319 581 3403 IX,
604 3321 815 3406 neglegenter
839 3322 990 3404 scriptus.

128 3408 165 3474 P.
191 3439 231 3460 =
256 3406 382 3472 Codex
410 3408 610 3473 Parisinus
639 3409 710 3474 Lat.
740 3410 857 3475 17589.
894 3411 1028 3475 1110111111.
1063 3408 1108 3476 4⁰.

248 3517 330 3562 saer.
353 3495 428 3562 ΧΗ.
453 3497 578 3563 duabus
603 3499 764 3564 columnis
787 3499 939 3581 scriptus.
