<?xml version="1.0" encoding="UTF-8"?>
<!DOCTYPE html PUBLIC "-//W3C//DTD XHTML 1.0 Transitional//EN"
    "http://www.w3.org/TR/xhtml1/DTD/xhtml1-transitional.dtd">
<html xmlns="http://www.w3.org/1999/xhtml" xml:lang="en" lang="en">
 <head>
  <title>
</title>
<meta http-equiv="Content-Type" content="text/html;charset=utf-8" />
  <meta name='ocr-system' content='tesseract 3.04.00' />
  <meta name='ocr-capabilities' content='ocr_page ocr_carea ocr_par ocr_line ocrx_word'/>
</head>
<body>
  <div class='ocr_page' id='page_1' title='image "./iulivalerialexa00valegoog_0151.png"; bbox 0 0 2414 3826; ppageno 0'>
   <div class='ocr_carea' id='block_1_1' title="bbox 139 153 729 247">
    <p class='ocr_par' dir='ltr' id='par_1_1' title="bbox 139 153 729 247">
     <span class='ocr_line' id='line_1_1' title="bbox 139 153 729 247; baseline 0.002 -40"><span class='ocrx_word' id='word_1_1' title='bbox 139 156 204 247; x_wconf 52' lang='grc' dir='ltr'><strong>Ι1141</strong></span> <span class='ocrx_word' id='word_1_2' title='bbox 555 153 664 208; x_wconf 81' lang='lat' dir='ltr'>LIBER</span> <span class='ocrx_word' id='word_1_3' title='bbox 681 153 729 208; x_wconf 91' lang='lat' dir='ltr'><strong>Ill.</strong></span> 
     </span>
    </p>
   </div>
   <div class='ocr_carea' id='block_1_2' title="bbox 77 316 1197 2970">
    <p class='ocr_par' dir='ltr' id='par_1_2' title="bbox 77 316 1197 2970">
     <span class='ocr_line' id='line_1_2' title="bbox 138 316 1154 402; baseline -0.002 -18"><span class='ocrx_word' id='word_1_4' title='bbox 138 322 188 384; x_wconf 90' lang='lat' dir='ltr'><strong>est</strong></span> <span class='ocrx_word' id='word_1_5' title='bbox 210 317 356 402; x_wconf 87' lang='lat' dir='ltr'><strong>nihilque</strong></span> <span class='ocrx_word' id='word_1_6' title='bbox 380 317 516 402; x_wconf 80' lang='lat' dir='ltr'><strong>dignum</strong></span> <span class='ocrx_word' id='word_1_7' title='bbox 539 316 655 400; x_wconf 88' lang='lat' dir='ltr'><strong>opibus</strong></span> <span class='ocrx_word' id='word_1_8' title='bbox 673 317 794 382; x_wconf 87' lang='lat' dir='ltr'><strong>nostris</strong></span> <span class='ocrx_word' id='word_1_9' title='bbox 818 320 875 382; x_wconf 92' lang='lat' dir='ltr'><strong>aut</strong></span> <span class='ocrx_word' id='word_1_10' title='bbox 893 317 1154 382; x_wconf 73' lang='lat' dir='ltr'><strong>amoenitatibus</strong></span> 
     </span>
     <span class='ocr_line' id='line_1_3' title="bbox 136 402 1153 490; baseline -0.001 -19"><span class='ocrx_word' id='word_1_11' title='bbox 136 406 251 488; x_wconf 86' lang='lat' dir='ltr'><strong>habet,</strong></span> <span class='ocrx_word' id='word_1_12' title='bbox 279 427 384 490; x_wconf 89' lang='lat' dir='ltr'><strong>neque</strong></span> <span class='ocrx_word' id='word_1_13' title='bbox 412 402 559 490; x_wconf 87' lang='lat' dir='ltr'><strong>quaesita</strong></span> <span class='ocrx_word' id='word_1_14' title='bbox 583 409 634 469; x_wconf 90' lang='lat' dir='ltr'><strong>est</strong></span> <span class='ocrx_word' id='word_1_15' title='bbox 655 425 758 489; x_wconf 86' lang='lat' dir='ltr'><strong>neque</strong></span> <span class='ocrx_word' id='word_1_16' title='bbox 781 409 962 490; x_wconf 78' lang='lat' dir='ltr'><strong>quaeretur.</strong></span> <span class='ocrx_word' id='word_1_17' title='bbox 1007 404 1040 471; x_wconf 89' lang='lat' dir='ltr'><strong>Is</strong></span> <span class='ocrx_word' id='word_1_18' title='bbox 1066 407 1153 471; x_wconf 90' lang='lat' dir='ltr'><strong>enim</strong></span> 
     </span>
     <span class='ocr_line' id='line_1_4' title="bbox 137 492 1153 578; baseline 0.001 -20"><span class='ocrx_word' id='word_1_19' title='bbox 137 495 265 559; x_wconf 87' lang='lat' dir='ltr'><strong>demum</strong></span> <span class='ocrx_word' id='word_1_20' title='bbox 279 494 374 560; x_wconf 87' lang='lat' dir='ltr'><strong>labor</strong></span> <span class='ocrx_word' id='word_1_21' title='bbox 392 493 501 559; x_wconf 76' lang='lat' dir='ltr'><strong>suavis</strong></span> <span class='ocrx_word' id='word_1_22' title='bbox 521 497 571 558; x_wconf 88' lang='lat' dir='ltr'><strong>est</strong></span> <span class='ocrx_word' id='word_1_23' title='bbox 584 492 829 577; x_wconf 87' lang='lat' dir='ltr'><strong>proeliantibus,</strong></span> <span class='ocrx_word' id='word_1_24' title='bbox 848 516 887 559; x_wconf 84' lang='lat' dir='ltr'><strong>ex</strong></span> <span class='ocrx_word' id='word_1_25' title='bbox 905 515 969 578; x_wconf 91' lang='lat' dir='ltr'><strong>quo</strong></span> <span class='ocrx_word' id='word_1_26' title='bbox 988 493 1033 558; x_wconf 89' lang='lat' dir='ltr'><strong>ait</strong></span> <span class='ocrx_word' id='word_1_27' title='bbox 1051 495 1153 559; x_wconf 88' lang='lat' dir='ltr'><strong>etiam</strong></span> 
     </span>
     <span class='ocr_line' id='line_1_5' title="bbox 136 581 1153 668; baseline 0 -21"><span class='ocrx_word' id='word_1_28' title='bbox 136 583 253 648; x_wconf 89' lang='lat' dir='ltr'><strong>idonea</strong></span> <span class='ocrx_word' id='word_1_29' title='bbox 281 605 356 668; x_wconf 83' lang='lat' dir='ltr'><strong>spes</strong></span> <span class='ocrx_word' id='word_1_30' title='bbox 384 582 611 666; x_wconf 85' lang='lat' dir='ltr'><strong>praemiorum.</strong></span> <span class='ocrx_word' id='word_1_31' title='bbox 657 581 770 666; x_wconf 87' lang='lat' dir='ltr'><strong>Neque</strong></span> <span class='ocrx_word' id='word_1_32' title='bbox 798 583 886 647; x_wconf 91' lang='lat' dir='ltr'><strong>enim</strong></span> <span class='ocrx_word' id='word_1_33' title='bbox 912 586 964 647; x_wconf 87' lang='lat' dir='ltr'><strong>est</strong></span> <span class='ocrx_word' id='word_1_34' title='bbox 990 587 1153 667; x_wconf 86' lang='lat' dir='ltr'><strong>nostrum,</strong></span> 
     </span>
     <span class='ocr_line' id='line_1_6' title="bbox 104 670 1152 755; baseline 0.003 -21"><span class='ocrx_word' id='word_1_35' title='bbox 104 672 171 735; x_wconf 81' lang='lat' dir='ltr'><strong>ein</strong></span> <span class='ocrx_word' id='word_1_36' title='bbox 189 691 309 755; x_wconf 82' lang='lat' dir='ltr'><strong>magno</strong></span> <span class='ocrx_word' id='word_1_37' title='bbox 328 675 446 736; x_wconf 88' lang='lat' dir='ltr'><strong>conatu</strong></span> <span class='ocrx_word' id='word_1_38' title='bbox 466 670 564 755; x_wconf 80' lang='lat' dir='ltr'><strong>digno</strong></span> <span class='ocrx_word' id='word_1_39' title='bbox 586 692 704 753; x_wconf 88' lang='lat' dir='ltr'><strong>operae</strong></span> <span class='ocrx_word' id='word_1_40' title='bbox 724 671 830 754; x_wconf 89' lang='lat' dir='ltr'><strong>pretio</strong></span> <span class='ocrx_word' id='word_1_41' title='bbox 849 672 1002 736; x_wconf 88' lang='lat' dir='ltr'><strong>caruisse.</strong></span> <span class='ocrx_word' id='word_1_42' title='bbox 1043 671 1152 747; x_wconf 82' lang='lat' dir='ltr'><strong>Quare</strong></span> 
     </span>
     <span class='ocr_line' id='line_1_7' title="bbox 135 759 1153 844; baseline 0.002 -20"><span class='ocrx_word' id='word_1_43' title='bbox 135 759 170 824; x_wconf 94' lang='lat' dir='ltr'><strong>id</strong></span> <span class='ocrx_word' id='word_1_44' title='bbox 192 759 380 831; x_wconf 83' lang='lat' dir='ltr'><strong>torticium</strong></span> <span class='ocrx_word' id='word_1_45' title='bbox 403 759 552 843; x_wconf 89' lang='lat' dir='ltr'><strong>praedico</strong></span> <span class='ocrx_word' id='word_1_46' title='bbox 582 780 619 824; x_wconf 91' lang='lat' dir='ltr'><strong>ac</strong></span> <span class='ocrx_word' id='word_1_47' title='bbox 642 759 797 824; x_wconf 90' lang='lat' dir='ltr'><strong>denuntio</strong></span> <span class='ocrx_word' id='word_1_48' title='bbox 826 759 902 844; x_wconf 90' lang='lat' dir='ltr'><strong>tibi,</strong></span> <span class='ocrx_word' id='word_1_49' title='bbox 929 761 979 824; x_wconf 90' lang='lat' dir='ltr'><strong>uti</strong></span> <span class='ocrx_word' id='word_1_50' title='bbox 1006 759 1153 826; x_wconf 86' lang='lat' dir='ltr'><strong>facessas</strong></span> 
     </span>
     <span class='ocr_line' id='line_1_8' title="bbox 137 847 824 933; baseline 0 -21"><span class='ocrx_word' id='word_1_51' title='bbox 137 870 176 912; x_wconf 88' lang='lat' dir='ltr'><strong>ex</strong></span> <span class='ocrx_word' id='word_1_52' title='bbox 198 848 261 931; x_wconf 88' lang='lat' dir='ltr'><strong>his,</strong></span> <span class='ocrx_word' id='word_1_53' title='bbox 285 848 400 933; x_wconf 88' lang='lat' dir='ltr'><strong>quibua</strong></span> <span class='ocrx_word' id='word_1_54' title='bbox 424 848 583 932; x_wconf 87' lang='lat' dir='ltr'><strong>imperare</strong></span> <span class='ocrx_word' id='word_1_55' title='bbox 606 869 672 912; x_wconf 93' lang='lat' dir='ltr'><strong>non</strong></span> <span class='ocrx_word' id='word_1_56' title='bbox 696 847 824 931; x_wconf 68' lang='lat' dir='ltr'><strong>possis?</strong></span> 
     </span>
     <span class='ocr_line' id='line_1_9' title="bbox 225 935 1197 1020; baseline 0.003 -20"><span class='ocrx_word' id='word_1_57' title='bbox 225 935 260 1003; x_wconf 82' lang='lat'><strong>4.</strong></span> <span class='ocrx_word' id='word_1_58' title='bbox 297 936 358 1001; x_wconf 90' lang='lat' dir='ltr'><strong>His</strong></span> <span class='ocrx_word' id='word_1_59' title='bbox 386 936 504 1001; x_wconf 86' lang='lat' dir='ltr'><strong>litteris</strong></span> <span class='ocrx_word' id='word_1_60' title='bbox 532 936 663 1020; x_wconf 88' lang='lat' dir='ltr'><strong>publice</strong></span> <span class='ocrx_word' id='word_1_61' title='bbox 691 936 850 1016; x_wconf 87' lang='lat' dir='ltr'><strong>recitatis,</strong></span> <span class='ocrx_word' id='word_1_62' title='bbox 877 935 1061 1001; x_wconf 84' lang='lat' dir='ltr'><strong>Alexander</strong></span> <span class='ocrx_word' id='word_1_63' title='bbox 1089 938 1151 1003; x_wconf 88' lang='lat' dir='ltr'><strong>ait:</strong></span> <span class='ocrx_word' id='word_1_64' title='bbox 1168 939 1197 994; x_wconf 78' lang='lat'><strong>⁶·</strong></span> 
     </span>
     <span class='ocr_line' id='line_1_10' title="bbox 136 1025 1153 1111; baseline 0 -20"><span class='ocrx_word' id='word_1_65' title='bbox 136 1025 244 1091; x_wconf 75' lang='lat' dir='ltr'><strong>‘Nunc</strong></span> <span class='ocrx_word' id='word_1_66' title='bbox 263 1046 390 1111; x_wconf 85' lang='lat' dir='ltr'><strong>quoque</strong></span> <span class='ocrx_word' id='word_1_67' title='bbox 409 1046 466 1090; x_wconf 80' lang='lat' dir='ltr'><strong>vos</strong></span> <span class='ocrx_word' id='word_1_68' title='bbox 486 1047 613 1110; x_wconf 85' lang='lat' dir='ltr'><strong>monae,</strong></span> <span class='ocrx_word' id='word_1_69' title='bbox 636 1025 836 1090; x_wconf 82' lang='lat' dir='ltr'><strong>sanctissimi</strong></span> <span class='ocrx_word' id='word_1_70' title='bbox 854 1025 985 1109; x_wconf 84' lang='lat' dir='ltr'><strong>milites,</strong></span> <span class='ocrx_word' id='word_1_71' title='bbox 1008 1047 1049 1090; x_wconf 89' lang='lat' dir='ltr'><strong>ne</strong></span> <span class='ocrx_word' id='word_1_72' title='bbox 1073 1026 1153 1110; x_wconf 91' lang='lat' dir='ltr'><strong>quid</strong></span> 
     </span>
     <span class='ocr_line' id='line_1_11' title="bbox 94 1113 1152 1198; baseline 0.004 -22"><span class='ocrx_word' id='word_1_73' title='bbox 94 1137 121 1177; x_wconf 82' lang='grc' dir='ltr'><strong>ιο</strong></span> <span class='ocrx_word' id='word_1_74' title='bbox 134 1136 266 1179; x_wconf 87' lang='lat' dir='ltr'><strong>rursum</strong></span> <span class='ocrx_word' id='word_1_75' title='bbox 298 1113 540 1198; x_wconf 84' lang='lat' dir='ltr'><strong>magnificentia</strong></span> <span class='ocrx_word' id='word_1_76' title='bbox 569 1114 634 1178; x_wconf 87' lang='lat' dir='ltr'><strong>ista</strong></span> <span class='ocrx_word' id='word_1_77' title='bbox 663 1113 834 1179; x_wconf 88' lang='lat' dir='ltr'><strong>barbarica</strong></span> <span class='ocrx_word' id='word_1_78' title='bbox 864 1114 990 1179; x_wconf 89' lang='lat' dir='ltr'><strong>animos</strong></span> <span class='ocrx_word' id='word_1_79' title='bbox 1020 1118 1152 1180; x_wconf 85' lang='lat' dir='ltr'><strong>vestros</strong></span> 
     </span>
     <span class='ocr_line' id='line_1_12' title="bbox 134 1201 1151 1269; baseline 0.001 -2"><span class='ocrx_word' id='word_1_80' title='bbox 134 1203 353 1269; x_wconf 82' lang='lat' dir='ltr'><strong>inconsultius</strong></span> <span class='ocrx_word' id='word_1_81' title='bbox 388 1202 508 1268; x_wconf 87' lang='lat' dir='ltr'><strong>turbet.</strong></span> <span class='ocrx_word' id='word_1_82' title='bbox 553 1201 685 1266; x_wconf 86' lang='lat' dir='ltr'><strong>Auditis</strong></span> <span class='ocrx_word' id='word_1_83' title='bbox 721 1202 806 1267; x_wconf 88' lang='lat' dir='ltr'><strong>enim</strong></span> <span class='ocrx_word' id='word_1_84' title='bbox 836 1202 955 1266; x_wconf 87' lang='lat' dir='ltr'><strong>litteris</strong></span> <span class='ocrx_word' id='word_1_85' title='bbox 985 1202 1063 1266; x_wconf 90' lang='lat' dir='ltr'><strong>Pori</strong></span> <span class='ocrx_word' id='word_1_86' title='bbox 1100 1225 1151 1268; x_wconf 88' lang='lat' dir='ltr'><strong>re·</strong></span> 
     </span>
     <span class='ocr_line' id='line_1_13' title="bbox 134 1289 1152 1375; baseline 0 -19"><span class='ocrx_word' id='word_1_87' title='bbox 134 1296 247 1357; x_wconf 83' lang='lat' dir='ltr'><strong>vocate</strong></span> <span class='ocrx_word' id='word_1_88' title='bbox 262 1292 353 1356; x_wconf 88' lang='lat' dir='ltr'><strong>illam</strong></span> <span class='ocrx_word' id='word_1_89' title='bbox 367 1311 495 1375; x_wconf 89' lang='lat' dir='ltr'><strong>quoque</strong></span> <span class='ocrx_word' id='word_1_90' title='bbox 508 1289 694 1356; x_wconf 87' lang='lat' dir='ltr'><strong>litterarum</strong></span> <span class='ocrx_word' id='word_1_91' title='bbox 709 1290 803 1355; x_wconf 90' lang='lat' dir='ltr'><strong>Darii</strong></span> <span class='ocrx_word' id='word_1_92' title='bbox 817 1291 1017 1373; x_wconf 90' lang='lat' dir='ltr'><strong>memoriam,</strong></span> <span class='ocrx_word' id='word_1_93' title='bbox 1030 1291 1152 1356; x_wconf 87' lang='lat' dir='ltr'><strong>videte·</strong></span> 
     </span>
     <span class='ocr_line' id='line_1_14' title="bbox 135 1378 1153 1464; baseline 0.001 -20"><span class='ocrx_word' id='word_1_94' title='bbox 135 1402 212 1464; x_wconf 89' lang='lat' dir='ltr'><strong>que,</strong></span> <span class='ocrx_word' id='word_1_95' title='bbox 245 1403 323 1445; x_wconf 91' lang='lat' dir='ltr'><strong>num</strong></span> <span class='ocrx_word' id='word_1_96' title='bbox 356 1378 550 1463; x_wconf 81' lang='lat' dir='ltr'><strong>adrogantia</strong></span> <span class='ocrx_word' id='word_1_97' title='bbox 578 1378 701 1463; x_wconf 84' lang='lat' dir='ltr'><strong>dispar,</strong></span> <span class='ocrx_word' id='word_1_98' title='bbox 732 1401 812 1444; x_wconf 93' lang='lat' dir='ltr'><strong>num</strong></span> <span class='ocrx_word' id='word_1_99' title='bbox 844 1379 1016 1444; x_wconf 89' lang='lat' dir='ltr'><strong>dissimilia</strong></span> <span class='ocrx_word' id='word_1_100' title='bbox 1048 1381 1153 1446; x_wconf 83' lang='lat' dir='ltr'><strong>verba</strong></span> 
     </span>
     <span class='ocr_line' id='line_1_15' title="bbox 134 1465 1151 1550; baseline 0.002 -18"><span class='ocrx_word' id='word_1_101' title='bbox 134 1477 190 1532; x_wconf 87' lang='lat' dir='ltr'><strong>aut</strong></span> <span class='ocrx_word' id='word_1_102' title='bbox 230 1469 272 1533; x_wconf 87' lang='lat' dir='ltr'><strong>sit</strong></span> <span class='ocrx_word' id='word_1_103' title='bbox 313 1467 482 1533; x_wconf 86' lang='lat' dir='ltr'><strong>dissimilis</strong></span> <span class='ocrx_word' id='word_1_104' title='bbox 518 1467 747 1550; x_wconf 87' lang='lat' dir='ltr'><strong>imprudentia.</strong></span> <span class='ocrx_word' id='word_1_105' title='bbox 805 1465 897 1547; x_wconf 79' lang='lat' dir='ltr'><strong>Sicut</strong></span> <span class='ocrx_word' id='word_1_106' title='bbox 938 1468 1025 1532; x_wconf 89' lang='lat' dir='ltr'><strong>enim</strong></span> <span class='ocrx_word' id='word_1_107' title='bbox 1065 1469 1151 1534; x_wconf 85' lang='lat' dir='ltr'><strong>istae</strong></span> 
     </span>
     <span class='ocr_line' id='line_1_16' title="bbox 94 1555 1150 1642; baseline 0.004 -25"><span class='ocrx_word' id='word_1_108' title='bbox 94 1577 120 1618; x_wconf 77' lang='grc' dir='ltr'><strong>ιο</strong></span> <span class='ocrx_word' id='word_1_109' title='bbox 134 1556 219 1621; x_wconf 88' lang='lat' dir='ltr'><strong>ferae</strong></span> <span class='ocrx_word' id='word_1_110' title='bbox 245 1557 384 1640; x_wconf 88' lang='lat' dir='ltr'><strong>bestiae,</strong></span> <span class='ocrx_word' id='word_1_111' title='bbox 418 1577 500 1640; x_wconf 88' lang='lat' dir='ltr'><strong>quae</strong></span> <span class='ocrx_word' id='word_1_112' title='bbox 526 1556 611 1639; x_wconf 91' lang='lat' dir='ltr'><strong>apud</strong></span> <span class='ocrx_word' id='word_1_113' title='bbox 637 1555 727 1640; x_wconf 87' lang='lat' dir='ltr'><strong>ipsos</strong></span> <span class='ocrx_word' id='word_1_114' title='bbox 753 1559 830 1621; x_wconf 85' lang='lat' dir='ltr'><strong>sunt</strong></span> <span class='ocrx_word' id='word_1_115' title='bbox 853 1556 1025 1642; x_wconf 86' lang='lat' dir='ltr'><strong>plurimae,</strong></span> <span class='ocrx_word' id='word_1_116' title='bbox 1052 1558 1150 1639; x_wconf 88' lang='lat' dir='ltr'><strong>pardi</strong></span> 
     </span>
     <span class='ocr_line' id='line_1_17' title="bbox 133 1644 1150 1730; baseline 0 -19"><span class='ocrx_word' id='word_1_117' title='bbox 133 1646 282 1711; x_wconf 85' lang='lat' dir='ltr'><strong>videlicet</strong></span> <span class='ocrx_word' id='word_1_118' title='bbox 300 1649 334 1710; x_wconf 92' lang='lat' dir='ltr'><strong>et</strong></span> <span class='ocrx_word' id='word_1_119' title='bbox 351 1646 462 1710; x_wconf 88' lang='lat' dir='ltr'><strong>leones</strong></span> <span class='ocrx_word' id='word_1_120' title='bbox 482 1644 719 1730; x_wconf 87' lang='lat' dir='ltr'><strong>elephantique,</strong></span> <span class='ocrx_word' id='word_1_121' title='bbox 743 1645 812 1710; x_wconf 91' lang='lat' dir='ltr'><strong>solo</strong></span> <span class='ocrx_word' id='word_1_122' title='bbox 834 1645 891 1709; x_wconf 91' lang='lat' dir='ltr'><strong>illo</strong></span> <span class='ocrx_word' id='word_1_123' title='bbox 910 1649 1047 1719; x_wconf 87' lang='lat' dir='ltr'><strong>naturae</strong></span> <span class='ocrx_word' id='word_1_124' title='bbox 1071 1667 1150 1711; x_wconf 89' lang='lat' dir='ltr'><strong>suae</strong></span> 
     </span>
     <span class='ocr_line' id='line_1_18' title="bbox 131 1732 1150 1819; baseline 0.001 -21"><span class='ocrx_word' id='word_1_125' title='bbox 131 1733 235 1799; x_wconf 85' lang='lat' dir='ltr'><strong>fretae</strong></span> <span class='ocrx_word' id='word_1_126' title='bbox 259 1735 382 1819; x_wconf 88' lang='lat' dir='ltr'><strong>impetu</strong></span> <span class='ocrx_word' id='word_1_127' title='bbox 410 1737 444 1798; x_wconf 90' lang='lat' dir='ltr'><strong>et</strong></span> <span class='ocrx_word' id='word_1_128' title='bbox 471 1734 615 1816; x_wconf 88' lang='lat' dir='ltr'><strong>corporis</strong></span> <span class='ocrx_word' id='word_1_129' title='bbox 644 1733 829 1819; x_wconf 85' lang='lat' dir='ltr'><strong>alacritate,</strong></span> <span class='ocrx_word' id='word_1_130' title='bbox 856 1732 950 1797; x_wconf 89' lang='lat' dir='ltr'><strong>facila</strong></span> <span class='ocrx_word' id='word_1_131' title='bbox 977 1732 1150 1799; x_wconf 92' lang='lat' dir='ltr'><strong>hominum</strong></span> 
     </span>
     <span class='ocr_line' id='line_1_19' title="bbox 133 1821 1149 1908; baseline -0.001 -20"><span class='ocrx_word' id='word_1_132' title='bbox 133 1823 294 1906; x_wconf 87' lang='lat' dir='ltr'><strong>sapientia</strong></span> <span class='ocrx_word' id='word_1_133' title='bbox 317 1823 547 1908; x_wconf 83' lang='lat' dir='ltr'><strong>subiugantur,</strong></span> <span class='ocrx_word' id='word_1_134' title='bbox 574 1821 687 1887; x_wconf 87' lang='lat' dir='ltr'><strong>itidem</strong></span> <span class='ocrx_word' id='word_1_135' title='bbox 714 1821 813 1887; x_wconf 87' lang='lat' dir='ltr'><strong>hosce</strong></span> <span class='ocrx_word' id='word_1_136' title='bbox 842 1821 1001 1887; x_wconf 87' lang='lat' dir='ltr'><strong>barbaros</strong></span> <span class='ocrx_word' id='word_1_137' title='bbox 1028 1823 1149 1888; x_wconf 88' lang='lat' dir='ltr'><strong>intelli-</strong></span> 
     </span>
     <span class='ocr_line' id='line_1_20' title="bbox 133 1909 1148 1997; baseline 0 -21"><span class='ocrx_word' id='word_1_138' title='bbox 133 1912 219 1997; x_wconf 82' lang='lat' dir='ltr'><strong>getis</strong></span> <span class='ocrx_word' id='word_1_139' title='bbox 239 1911 356 1977; x_wconf 87' lang='lat' dir='ltr'><strong>fiducia</strong></span> <span class='ocrx_word' id='word_1_140' title='bbox 375 1909 591 1976; x_wconf 86' lang='lat' dir='ltr'><strong>multitudinis</strong></span> <span class='ocrx_word' id='word_1_141' title='bbox 610 1910 721 1994; x_wconf 85' lang='lat' dir='ltr'><strong>fretos,</strong></span> <span class='ocrx_word' id='word_1_142' title='bbox 741 1912 832 1975; x_wconf 89' lang='lat' dir='ltr'><strong>nulla</strong></span> <span class='ocrx_word' id='word_1_143' title='bbox 850 1915 963 1976; x_wconf 89' lang='lat' dir='ltr'><strong>tamen</strong></span> <span class='ocrx_word' id='word_1_144' title='bbox 980 1912 1148 1995; x_wconf 87' lang='lat' dir='ltr'><strong>praeditos</strong></span> 
     </span>
     <span class='ocr_line' id='line_1_21' title="bbox 93 1998 1149 2085; baseline 0.004 -24"><span class='ocrx_word' id='word_1_145' title='bbox 93 2021 119 2061; x_wconf 83' lang='lat' dir='ltr'><strong>ao</strong></span> <span class='ocrx_word' id='word_1_146' title='bbox 132 2000 342 2085; x_wconf 87' lang='lat' dir='ltr'><strong>imperatoria</strong></span> <span class='ocrx_word' id='word_1_147' title='bbox 360 1998 524 2066; x_wconf 75' lang='lat' dir='ltr'><strong>(irascare</strong></span> <span class='ocrx_word' id='word_1_148' title='bbox 548 1998 708 2084; x_wconf 87' lang='lat' dir='ltr'><strong>sapientia</strong></span> <span class='ocrx_word' id='word_1_149' title='bbox 731 1999 885 2083; x_wconf 80' lang='lat' dir='ltr'><strong>perfacile</strong></span> <span class='ocrx_word' id='word_1_150' title='bbox 904 2022 979 2065; x_wconf 87' lang='lat' dir='ltr'><strong>mox</strong></span> <span class='ocrx_word' id='word_1_151' title='bbox 998 2001 1032 2064; x_wconf 91' lang='lat' dir='ltr'><strong>in</strong></span> <span class='ocrx_word' id='word_1_152' title='bbox 1051 2000 1149 2065; x_wconf 92' lang='lat' dir='ltr'><strong>dicio·</strong></span> 
     </span>
     <span class='ocr_line' id='line_1_22' title="bbox 131 2088 1150 2173; baseline 0 -20"><span class='ocrx_word' id='word_1_153' title='bbox 131 2111 206 2153; x_wconf 87' lang='lat' dir='ltr'><strong>nem</strong></span> <span class='ocrx_word' id='word_1_154' title='bbox 233 2093 381 2154; x_wconf 85' lang='lat' dir='ltr'><strong>nostram</strong></span> <span class='ocrx_word' id='word_1_155' title='bbox 411 2110 480 2154; x_wconf 87' lang='lat' dir='ltr'><strong>esse</strong></span> <span class='ocrx_word' id='word_1_156' title='bbox 509 2092 677 2173; x_wconf 86' lang='lat' dir='ltr'><strong>venturos,</strong></span> <span class='ocrx_word' id='word_1_157' title='bbox 705 2093 803 2173; x_wconf 87' lang='lat' dir='ltr'><strong>atque</strong></span> <span class='ocrx_word' id='word_1_158' title='bbox 831 2088 945 2154; x_wconf 89' lang='lat' dir='ltr'><strong>itidem</strong></span> <span class='ocrx_word' id='word_1_159' title='bbox 972 2089 1150 2172; x_wconf 88' lang='lat' dir='ltr'><strong>prudentia</strong></span> 
     </span>
     <span class='ocr_line' id='line_1_23' title="bbox 130 2176 1149 2261; baseline 0 -19"><span class='ocrx_word' id='word_1_160' title='bbox 130 2181 244 2242; x_wconf 86' lang='lat' dir='ltr'><strong>nostra</strong></span> <span class='ocrx_word' id='word_1_161' title='bbox 273 2182 313 2241; x_wconf 89' lang='lat' dir='ltr'><strong>ad</strong></span> <span class='ocrx_word' id='word_1_162' title='bbox 342 2177 520 2260; x_wconf 90' lang='lat' dir='ltr'><strong>perniciem</strong></span> <span class='ocrx_word' id='word_1_163' title='bbox 550 2177 600 2241; x_wconf 88' lang='lat' dir='ltr'><strong>sui</strong></span> <span class='ocrx_word' id='word_1_164' title='bbox 629 2177 678 2241; x_wconf 92' lang='lat' dir='ltr'><strong>uti</strong></span> <span class='ocrx_word' id='word_1_165' title='bbox 707 2198 819 2261; x_wconf 85' lang='lat' dir='ltr'><strong>posse,</strong></span> <span class='ocrx_word' id='word_1_166' title='bbox 848 2180 885 2242; x_wconf 91' lang='lat' dir='ltr'><strong>ut</strong></span> <span class='ocrx_word' id='word_1_167' title='bbox 915 2178 950 2241; x_wconf 91' lang='lat' dir='ltr'><strong>in</strong></span> <span class='ocrx_word' id='word_1_168' title='bbox 979 2176 1065 2242; x_wconf 87' lang='lat' dir='ltr'><strong>faras</strong></span> <span class='ocrx_word' id='word_1_169' title='bbox 1097 2182 1149 2243; x_wconf 90' lang='lat' dir='ltr'><strong>est</strong></span> 
     </span>
     <span class='ocr_line' id='line_1_24' title="bbox 130 2264 625 2330; baseline 0.002 -2"><span class='ocrx_word' id='word_1_170' title='bbox 130 2265 237 2330; x_wconf 85' lang='lat' dir='ltr'><strong>facilis</strong></span> <span class='ocrx_word' id='word_1_171' title='bbox 260 2265 447 2329; x_wconf 90' lang='lat' dir='ltr'><strong>hominibus</strong></span> <span class='ocrx_word' id='word_1_172' title='bbox 472 2264 625 2330; x_wconf 66' lang='lat' dir='ltr'><strong>effectus?</strong></span> 
     </span>
     <span class='ocr_line' id='line_1_25' title="bbox 220 2350 1191 2419; baseline 0.003 -3"><span class='ocrx_word' id='word_1_173' title='bbox 220 2351 254 2417; x_wconf 83' lang='lat'><strong>5.</strong></span> <span class='ocrx_word' id='word_1_174' title='bbox 287 2350 326 2414; x_wconf 92' lang='lat' dir='ltr'><strong>In</strong></span> <span class='ocrx_word' id='word_1_175' title='bbox 344 2351 430 2416; x_wconf 92' lang='lat' dir='ltr'><strong>hunc</strong></span> <span class='ocrx_word' id='word_1_176' title='bbox 455 2351 521 2415; x_wconf 88' lang='lat' dir='ltr'><strong>fere</strong></span> <span class='ocrx_word' id='word_1_177' title='bbox 539 2352 671 2416; x_wconf 92' lang='lat' dir='ltr'><strong>modum</strong></span> <span class='ocrx_word' id='word_1_178' title='bbox 690 2353 875 2419; x_wconf 87' lang='lat' dir='ltr'><strong>Alexander</strong></span> <span class='ocrx_word' id='word_1_179' title='bbox 898 2375 971 2418; x_wconf 90' lang='lat' dir='ltr'><strong>cum</strong></span> <span class='ocrx_word' id='word_1_180' title='bbox 995 2375 1070 2419; x_wconf 86' lang='lat' dir='ltr'><strong>suos</strong></span> <span class='ocrx_word' id='word_1_181' title='bbox 1090 2355 1145 2419; x_wconf 90' lang='lat' dir='ltr'><strong>ad·</strong></span> <span class='ocrx_word' id='word_1_182' title='bbox 1166 2356 1191 2408; x_wconf 82' lang='lat'><strong>7·</strong></span> 
     </span>
     <span class='ocr_line' id='line_1_26' title="bbox 92 2439 1146 2526; baseline 0.006 -24"><span class='ocrx_word' id='word_1_183' title='bbox 92 2440 280 2504; x_wconf 70' lang='lat' dir='ltr'><strong>cohortatus</strong></span> <span class='ocrx_word' id='word_1_184' title='bbox 307 2442 407 2522; x_wconf 85' lang='lat' dir='ltr'><strong>esset,</strong></span> <span class='ocrx_word' id='word_1_185' title='bbox 435 2439 504 2522; x_wconf 87' lang='lat' dir='ltr'><strong>ipse</strong></span> <span class='ocrx_word' id='word_1_186' title='bbox 532 2461 659 2524; x_wconf 90' lang='lat' dir='ltr'><strong>quoque</strong></span> <span class='ocrx_word' id='word_1_187' title='bbox 681 2440 758 2506; x_wconf 92' lang='lat' dir='ltr'><strong>Pori</strong></span> <span class='ocrx_word' id='word_1_188' title='bbox 785 2442 903 2508; x_wconf 86' lang='lat' dir='ltr'><strong>litteris</strong></span> <span class='ocrx_word' id='word_1_189' title='bbox 931 2463 1146 2526; x_wconf 88' lang='lat' dir='ltr'><strong>responsurus</strong></span> 
     </span>
     <span class='ocr_line' id='line_1_27' title="bbox 130 2527 1145 2616; baseline 0.004 -24"><span class='ocrx_word' id='word_1_190' title='bbox 130 2529 164 2592; x_wconf 92' lang='lat' dir='ltr'><strong>in</strong></span> <span class='ocrx_word' id='word_1_191' title='bbox 184 2528 269 2594; x_wconf 89' lang='lat' dir='ltr'><strong>hanc</strong></span> <span class='ocrx_word' id='word_1_192' title='bbox 289 2528 484 2594; x_wconf 87' lang='lat' dir='ltr'><strong>sententiam</strong></span> <span class='ocrx_word' id='word_1_193' title='bbox 504 2528 631 2592; x_wconf 88' lang='lat' dir='ltr'><strong>scribit:</strong></span> <span class='ocrx_word' id='word_1_194' title='bbox 655 2527 797 2595; x_wconf 73' lang='lat' dir='ltr'><strong>‘Terreri</strong></span> <span class='ocrx_word' id='word_1_195' title='bbox 819 2552 880 2597; x_wconf 92' lang='lat' dir='ltr'><strong>nos</strong></span> <span class='ocrx_word' id='word_1_196' title='bbox 898 2535 1028 2615; x_wconf 90' lang='lat' dir='ltr'><strong>putans,</strong></span> <span class='ocrx_word' id='word_1_197' title='bbox 1051 2531 1145 2616; x_wconf 89' lang='lat' dir='ltr'><strong>Pore,</strong></span> 
     </span>
     <span class='ocr_line' id='line_1_28' title="bbox 77 2617 1145 2701; baseline 0.006 -22"><span class='ocrx_word' id='word_1_198' title='bbox 77 2675 80 2679; x_wconf 75' lang='grc'>,</span> <span class='ocrx_word' id='word_1_199' title='bbox 130 2617 249 2691; x_wconf 79' lang='lat' dir='ltr'><strong>littaris</strong></span> <span class='ocrx_word' id='word_1_200' title='bbox 279 2617 344 2682; x_wconf 84' lang='lat' dir='ltr'><strong>tuis</strong></span> <span class='ocrx_word' id='word_1_201' title='bbox 373 2637 529 2701; x_wconf 80' lang='lat' dir='ltr'><strong>magnum</strong></span> <span class='ocrx_word' id='word_1_202' title='bbox 557 2617 729 2682; x_wconf 88' lang='lat' dir='ltr'><strong>admodum</strong></span> <span class='ocrx_word' id='word_1_203' title='bbox 754 2620 836 2684; x_wconf 85' lang='lat' dir='ltr'><strong>meis</strong></span> <span class='ocrx_word' id='word_1_204' title='bbox 864 2620 1007 2685; x_wconf 87' lang='lat' dir='ltr'><strong>consiliis</strong></span> <span class='ocrx_word' id='word_1_205' title='bbox 1035 2620 1145 2685; x_wconf 89' lang='lat' dir='ltr'><strong>ineen-</strong></span> 
     </span>
     <span class='ocr_line' id='line_1_29' title="bbox 130 2706 1147 2791; baseline 0.002 -20"><span class='ocrx_word' id='word_1_206' title='bbox 130 2708 233 2772; x_wconf 85' lang='lat' dir='ltr'><strong>tivum</strong></span> <span class='ocrx_word' id='word_1_207' title='bbox 260 2706 467 2791; x_wconf 86' lang='lat' dir='ltr'><strong>praestitisti,</strong></span> <span class='ocrx_word' id='word_1_208' title='bbox 497 2727 559 2790; x_wconf 91' lang='lat' dir='ltr'><strong>quo</strong></span> <span class='ocrx_word' id='word_1_209' title='bbox 590 2706 686 2771; x_wconf 90' lang='lat' dir='ltr'><strong>uobis</strong></span> <span class='ocrx_word' id='word_1_210' title='bbox 716 2707 750 2771; x_wconf 93' lang='lat' dir='ltr'><strong>in</strong></span> <span class='ocrx_word' id='word_1_211' title='bbox 779 2730 837 2772; x_wconf 86' lang='lat' dir='ltr'><strong>vos</strong></span> <span class='ocrx_word' id='word_1_212' title='bbox 866 2708 1063 2791; x_wconf 87' lang='lat' dir='ltr'><strong>dispositum</strong></span> <span class='ocrx_word' id='word_1_213' title='bbox 1094 2712 1147 2774; x_wconf 87' lang='lat' dir='ltr'><strong>est</strong></span> 
     </span>
     <span class='ocr_line' id='line_1_30' title="bbox 130 2795 1145 2882; baseline 0.002 -22"><span class='ocrx_word' id='word_1_214' title='bbox 130 2797 278 2862; x_wconf 87' lang='lat' dir='ltr'><strong>militare.</strong></span> <span class='ocrx_word' id='word_1_215' title='bbox 325 2795 413 2861; x_wconf 84' lang='lat' dir='ltr'><strong>Dicis</strong></span> <span class='ocrx_word' id='word_1_216' title='bbox 442 2795 528 2859; x_wconf 88' lang='lat' dir='ltr'><strong>enim</strong></span> <span class='ocrx_word' id='word_1_217' title='bbox 556 2795 639 2859; x_wconf 91' lang='lat' dir='ltr'><strong>nihil</strong></span> <span class='ocrx_word' id='word_1_218' title='bbox 668 2795 825 2861; x_wconf 89' lang='lat' dir='ltr'><strong>eiusmodi</strong></span> <span class='ocrx_word' id='word_1_219' title='bbox 849 2796 969 2862; x_wconf 87' lang='lat' dir='ltr'><strong>habere</strong></span> <span class='ocrx_word' id='word_1_220' title='bbox 993 2796 1145 2882; x_wconf 85' lang='lat' dir='ltr'><strong>Graecos,</strong></span> 
     </span>
     <span class='ocr_line' id='line_1_31' title="bbox 88 2884 1144 2970; baseline 0.004 -24"><span class='ocrx_word' id='word_1_221' title='bbox 88 2906 116 2947; x_wconf 83' lang='lat' dir='ltr'><strong>ao</strong></span> <span class='ocrx_word' id='word_1_222' title='bbox 130 2886 216 2969; x_wconf 91' lang='lat' dir='ltr'><strong>quod</strong></span> <span class='ocrx_word' id='word_1_223' title='bbox 247 2886 291 2950; x_wconf 87' lang='lat' dir='ltr'><strong>sit</strong></span> <span class='ocrx_word' id='word_1_224' title='bbox 321 2885 454 2970; x_wconf 81' lang='lat' dir='ltr'><strong>dignum</strong></span> <span class='ocrx_word' id='word_1_225' title='bbox 485 2885 525 2948; x_wconf 89' lang='lat' dir='ltr'><strong>ad</strong></span> <span class='ocrx_word' id='word_1_226' title='bbox 555 2884 756 2967; x_wconf 89' lang='lat' dir='ltr'><strong>opulentiam</strong></span> <span class='ocrx_word' id='word_1_227' title='bbox 786 2889 946 2969; x_wconf 80' lang='lat' dir='ltr'><strong>uestram,</strong></span> <span class='ocrx_word' id='word_1_228' title='bbox 977 2908 1036 2950; x_wconf 84' lang='lat' dir='ltr'><strong>vos</strong></span> <span class='ocrx_word' id='word_1_229' title='bbox 1066 2907 1144 2951; x_wconf 86' lang='lat' dir='ltr'><strong>vero</strong></span> 
     </span>
    </p>
   </div>
   <div class='ocr_carea' id='block_1_3' title="bbox 98 3023 1145 3589">
    <p class='ocr_par' dir='ltr' id='par_1_3' title="bbox 128 3023 1145 3164">
     <span class='ocr_line' id='line_1_32' title="bbox 221 3023 1145 3092; baseline 0.001 -14"><span class='ocrx_word' id='word_1_230' title='bbox 221 3032 234 3078; x_wconf 95' lang='lat'>1</span> <span class='ocrx_word' id='word_1_231' title='bbox 253 3025 334 3079; x_wconf 80' lang='lat' dir='ltr'><strong>uerbo</strong></span> <span class='ocrx_word' id='word_1_232' title='bbox 354 3024 419 3079; x_wconf 86' lang='lat' dir='ltr'><strong>‘est&#39;</strong></span> <span class='ocrx_word' id='word_1_233' title='bbox 439 3024 539 3091; x_wconf 76' lang='lat' dir='ltr'><strong>finitur</strong></span> <span class='ocrx_word' id='word_1_234' title='bbox 552 3024 636 3092; x_wconf 79' lang='lat' dir='ltr'><strong>prius</strong></span> <span class='ocrx_word' id='word_1_235' title='bbox 654 3024 753 3090; x_wconf 74' lang='lat' dir='ltr'><strong>folium</strong></span> <span class='ocrx_word' id='word_1_236' title='bbox 771 3023 935 3080; x_wconf 74' lang='lat' dir='ltr'><strong>Basileeuse.</strong></span> <span class='ocrx_word' id='word_1_237' title='bbox 991 3029 1008 3077; x_wconf 99' lang='grc'>2</span> <span class='ocrx_word' id='word_1_238' title='bbox 1027 3040 1145 3092; x_wconf 84' lang='lat' dir='ltr'><strong>quaere·</strong></span> 
     </span>
     <span class='ocr_line' id='line_1_33' title="bbox 128 3093 1011 3164; baseline 0.001 -18"><span class='ocrx_word' id='word_1_239' title='bbox 128 3096 204 3149; x_wconf 92' lang='lat' dir='ltr'><strong>retur</strong></span> <span class='ocrx_word' id='word_1_240' title='bbox 222 3093 258 3149; x_wconf 97' lang='lat' dir='ltr'><strong>A.</strong></span> <span class='ocrx_word' id='word_1_241' title='bbox 290 3095 316 3148; x_wconf 88' lang='lat' dir='ltr'><strong>Is</strong></span> <span class='ocrx_word' id='word_1_242' title='bbox 336 3095 371 3148; x_wconf 90' lang='lat' dir='ltr'><strong>A.</strong></span> <span class='ocrx_word' id='word_1_243' title='bbox 398 3093 441 3147; x_wconf 87' lang='lat' dir='ltr'><strong>his</strong></span> <span class='ocrx_word' id='word_1_244' title='bbox 461 3094 493 3148; x_wconf 92' lang='lat' dir='ltr'><strong>P.</strong></span> <span class='ocrx_word' id='word_1_245' title='bbox 549 3093 659 3148; x_wconf 85' lang='lat' dir='ltr'><strong>4enim</strong></span> <span class='ocrx_word' id='word_1_246' title='bbox 678 3110 727 3149; x_wconf 89' lang='lat' dir='ltr'><strong>om.</strong></span> <span class='ocrx_word' id='word_1_247' title='bbox 746 3096 782 3147; x_wconf 91' lang='lat' dir='ltr'><strong>A.</strong></span> <span class='ocrx_word' id='word_1_248' title='bbox 838 3100 957 3164; x_wconf 72' lang='lat' dir='ltr'><strong>tepere</strong></span> <span class='ocrx_word' id='word_1_249' title='bbox 976 3096 1011 3149; x_wconf 93' lang='lat' dir='ltr'><strong>A.</strong></span> 
     </span>
    </p>

    <p class='ocr_par' dir='ltr' id='par_1_4' title="bbox 127 3162 1145 3376">
     <span class='ocr_line' id='line_1_34' title="bbox 217 3162 1144 3234; baseline 0.001 -14"><span class='ocrx_word' id='word_1_250' title='bbox 217 3164 245 3220; x_wconf 85' lang='lat'><strong>4.</strong></span> <span class='ocrx_word' id='word_1_251' title='bbox 266 3171 281 3219; x_wconf 89' lang='grc'>9</span> <span class='ocrx_word' id='word_1_252' title='bbox 301 3181 335 3219; x_wconf 88' lang='lat' dir='ltr'><strong>ne</strong></span> <span class='ocrx_word' id='word_1_253' title='bbox 351 3164 419 3234; x_wconf 89' lang='lat' dir='ltr'><strong>quid</strong></span> <span class='ocrx_word' id='word_1_254' title='bbox 430 3164 463 3218; x_wconf 95' lang='lat' dir='ltr'><strong>P.</strong></span> <span class='ocrx_word' id='word_1_255' title='bbox 483 3181 518 3218; x_wconf 90' lang='lat' dir='ltr'><strong>ne</strong></span> <span class='ocrx_word' id='word_1_256' title='bbox 533 3162 582 3233; x_wconf 90' lang='lat' dir='ltr'><strong>qui</strong></span> <span class='ocrx_word' id='word_1_257' title='bbox 595 3164 667 3218; x_wconf 90' lang='lat' dir='ltr'><strong>idA.</strong></span> <span class='ocrx_word' id='word_1_258' title='bbox 701 3169 734 3217; x_wconf 90' lang='lat'><strong>11</strong></span> <span class='ocrx_word' id='word_1_259' title='bbox 748 3163 965 3220; x_wconf 87' lang='lat' dir='ltr'><strong>inconsultosA.</strong></span> <span class='ocrx_word' id='word_1_260' title='bbox 1001 3172 1033 3219; x_wconf 94' lang='grc'><strong>12</strong></span> <span class='ocrx_word' id='word_1_261' title='bbox 1048 3166 1144 3221; x_wconf 84' lang='lat' dir='ltr'><strong>videte</strong></span> 
     </span>
     <span class='ocr_line' id='line_1_35' title="bbox 128 3234 1142 3303; baseline 0.002 -15"><span class='ocrx_word' id='word_1_262' title='bbox 128 3251 200 3303; x_wconf 90' lang='lat' dir='ltr'><strong>quae</strong></span> <span class='ocrx_word' id='word_1_263' title='bbox 220 3253 287 3290; x_wconf 91' lang='lat' dir='ltr'><strong>num</strong></span> <span class='ocrx_word' id='word_1_264' title='bbox 306 3241 414 3291; x_wconf 81' lang='lat' dir='ltr'><strong>correct.</strong></span> <span class='ocrx_word' id='word_1_265' title='bbox 433 3236 466 3289; x_wconf 78' lang='lat' dir='ltr'><strong>ic</strong></span> <span class='ocrx_word' id='word_1_266' title='bbox 484 3234 578 3290; x_wconf 89' lang='lat' dir='ltr'><strong>videte</strong></span> <span class='ocrx_word' id='word_1_267' title='bbox 596 3251 667 3303; x_wconf 85' lang='lat' dir='ltr'><strong>quae</strong></span> <span class='ocrx_word' id='word_1_268' title='bbox 687 3252 752 3289; x_wconf 89' lang='lat' dir='ltr'><strong>nam</strong></span> <span class='ocrx_word' id='word_1_269' title='bbox 763 3236 798 3289; x_wconf 89' lang='lat' dir='ltr'><strong>A.</strong></span> <span class='ocrx_word' id='word_1_270' title='bbox 855 3240 888 3289; x_wconf 82' lang='lat'><strong>14</strong></span> <span class='ocrx_word' id='word_1_271' title='bbox 907 3238 1002 3292; x_wconf 90' lang='lat' dir='ltr'><strong>autA.</strong></span> <span class='ocrx_word' id='word_1_272' title='bbox 1022 3238 1099 3291; x_wconf 88' lang='lat' dir='ltr'><strong>haud</strong></span> <span class='ocrx_word' id='word_1_273' title='bbox 1109 3238 1142 3292; x_wconf 92' lang='lat' dir='ltr'><strong>P.</strong></span> 
     </span>
     <span class='ocr_line' id='line_1_36' title="bbox 127 3305 1145 3376; baseline 0.001 -18"><span class='ocrx_word' id='word_1_274' title='bbox 127 3305 203 3360; x_wconf 88' lang='lat' dir='ltr'><strong>ferae</strong></span> <span class='ocrx_word' id='word_1_275' title='bbox 226 3306 298 3362; x_wconf 89' lang='lat' dir='ltr'><strong>istae</strong></span> <span class='ocrx_word' id='word_1_276' title='bbox 320 3306 485 3373; x_wconf 88' lang='lat' dir='ltr'><strong>bestiaeque</strong></span> <span class='ocrx_word' id='word_1_277' title='bbox 502 3307 539 3359; x_wconf 97' lang='lat' dir='ltr'><strong>A.</strong></span> <span class='ocrx_word' id='word_1_278' title='bbox 610 3312 642 3360; x_wconf 77' lang='lat'><strong>1⁷</strong></span> <span class='ocrx_word' id='word_1_279' title='bbox 662 3306 732 3360; x_wconf 88' lang='lat' dir='ltr'><strong>frete</strong></span> <span class='ocrx_word' id='word_1_280' title='bbox 752 3306 784 3360; x_wconf 92' lang='lat' dir='ltr'><strong>P.</strong></span> <span class='ocrx_word' id='word_1_281' title='bbox 813 3306 879 3360; x_wconf 89' lang='lat' dir='ltr'><strong>freti</strong></span> <span class='ocrx_word' id='word_1_282' title='bbox 898 3308 933 3362; x_wconf 89' lang='lat' dir='ltr'><strong>A.</strong></span> <span class='ocrx_word' id='word_1_283' title='bbox 967 3311 996 3362; x_wconf 90' lang='lat' dir='ltr'><strong>et</strong></span> <span class='ocrx_word' id='word_1_284' title='bbox 1019 3309 1145 3376; x_wconf 87' lang='lat' dir='ltr'><strong>corporis</strong></span> 
     </span>
    </p>

    <p class='ocr_par' dir='ltr' id='par_1_5' title="bbox 98 3375 1142 3448">
     <span class='ocr_line' id='line_1_37' title="bbox 98 3375 1142 3448; baseline 0.001 -21"><span class='ocrx_word' id='word_1_285' title='bbox 98 3406 113 3427; x_wconf 77' lang='grc'><strong>.</strong></span> <span class='ocrx_word' id='word_1_286' title='bbox 128 3376 199 3431; x_wconf 81' lang='lat' dir='ltr'><strong>Mat.</strong></span> <span class='ocrx_word' id='word_1_287' title='bbox 227 3392 261 3430; x_wconf 85' lang='lat' dir='ltr'><strong>ex</strong></span> <span class='ocrx_word' id='word_1_288' title='bbox 279 3376 403 3446; x_wconf 86' lang='lat' dir='ltr'><strong>corporis</strong></span> <span class='ocrx_word' id='word_1_289' title='bbox 421 3377 499 3432; x_wconf 92' lang='lat' dir='ltr'><strong>A.P.</strong></span> <span class='ocrx_word' id='word_1_290' title='bbox 538 3381 572 3431; x_wconf 90' lang='lat' dir='ltr'><strong>1a</strong></span> <span class='ocrx_word' id='word_1_291' title='bbox 590 3375 690 3430; x_wconf 91' lang='lat' dir='ltr'><strong>itidem</strong></span> <span class='ocrx_word' id='word_1_292' title='bbox 711 3377 745 3430; x_wconf 90' lang='lat' dir='ltr'><strong>P.</strong></span> <span class='ocrx_word' id='word_1_293' title='bbox 771 3377 846 3430; x_wconf 86' lang='lat' dir='ltr'><strong>idem</strong></span> <span class='ocrx_word' id='word_1_294' title='bbox 865 3378 901 3431; x_wconf 91' lang='lat' dir='ltr'><strong>A.</strong></span> <span class='ocrx_word' id='word_1_295' title='bbox 927 3376 1087 3448; x_wconf 81' lang='lat' dir='ltr'><strong>intelligitis</strong></span> <span class='ocrx_word' id='word_1_296' title='bbox 1106 3378 1142 3430; x_wconf 90' lang='lat' dir='ltr'><strong>A.</strong></span> 
     </span>
    </p>

    <p class='ocr_par' dir='ltr' id='par_1_6' title="bbox 128 3446 426 3515">
     <span class='ocr_line' id='line_1_38' title="bbox 128 3446 426 3515; baseline 0.01 -15"><span class='ocrx_word' id='word_1_297' title='bbox 128 3452 161 3500; x_wconf 90' lang='grc'><strong>22</strong></span> <span class='ocrx_word' id='word_1_298' title='bbox 180 3446 372 3515; x_wconf 86' lang='lat' dir='ltr'><strong>pernicionem</strong></span> <span class='ocrx_word' id='word_1_299' title='bbox 390 3448 426 3503; x_wconf 92' lang='lat' dir='ltr'><strong>A.</strong></span> 
     </span>
    </p>

    <p class='ocr_par' dir='ltr' id='par_1_7' title="bbox 210 3517 1076 3589">
     <span class='ocr_line' id='line_1_39' title="bbox 210 3517 1076 3589; baseline 0.003 -19"><span class='ocrx_word' id='word_1_300' title='bbox 210 3518 239 3571; x_wconf 79' lang='grc'><strong>6.</strong></span> <span class='ocrx_word' id='word_1_301' title='bbox 269 3524 308 3572; x_wconf 84' lang='grc'><strong>27</strong></span> <span class='ocrx_word' id='word_1_302' title='bbox 322 3519 476 3576; x_wconf 88' lang='lat' dir='ltr'><strong>admodum</strong></span> <span class='ocrx_word' id='word_1_303' title='bbox 497 3517 656 3589; x_wconf 85' lang='lat' dir='ltr'><strong>consilium,</strong></span> <span class='ocrx_word' id='word_1_304' title='bbox 675 3519 764 3574; x_wconf 74' lang='lat' dir='ltr'><strong>uerbis</strong></span> <span class='ocrx_word' id='word_1_305' title='bbox 783 3520 871 3574; x_wconf 75' lang='lat' dir='ltr'><strong>lituro</strong></span> <span class='ocrx_word' id='word_1_306' title='bbox 888 3520 1022 3588; x_wconf 78' lang='lat' dir='ltr'><strong>separatis</strong></span> <span class='ocrx_word' id='word_1_307' title='bbox 1041 3519 1076 3573; x_wconf 89' lang='lat' dir='ltr'><strong>A.</strong></span> 
     </span>
    </p>
   </div>
   <div class='ocr_carea' id='block_1_4' title="bbox 0 0 1212 3826">
    <p class='ocr_par' dir='ltr' id='par_1_8' title="bbox 0 0 1212 3826">
     <span class='ocr_line' id='line_1_40' title="bbox 0 0 1212 3826; baseline 0 4"><span class='ocrx_word' id='word_1_308' title='bbox 0 0 1212 3826; x_wconf 95' lang='lat' dir='ltr'><strong> </strong></span> 
     </span>
    </p>
   </div>
  </div>
 </body>
</html>
