2414 3826
133 171 198 235 164
549 170 659 226 LIBER
676 169 724 224 ΙΙΙ.

131 339 220 418 poto.
265 333 372 419 Igitur
398 355 455 398 rex
480 356 556 398 mox
580 333 700 398 lectulo
729 335 826 398 datur
848 356 891 398 ac
920 334 1036 400 diebus
1062 357 1146 401 com·

131 422 290 507 plusculis
318 445 391 487 cum
417 423 474 487 illa
505 423 646 506 pernicie
678 423 884 487 conluctatus
911 425 1048 488 tandem
1077 445 1146 489 cau-

132 533 203 575 sam
235 511 379 575 eiusdem
411 511 545 595 periculi
583 532 654 574 esse
691 511 732 575 ab
768 510 945 594 Antipatro
984 514 1147 598 cognovit.

131 599 169 663 Id
191 601 338 664 insecuta
361 604 411 664 est
439 599 597 683 quaedam
624 600 727 664 veluti
753 599 991 684 indignationis
1021 602 1147 666 caelitis
1161 614 1194 665 90.

105 689 319 755 contentatio.
360 687 488 754 Nebula
511 688 631 772 quippe
656 688 832 753 admodum
855 711 967 754 crassa
989 690 1148 774 foedaque

131 777 290 842 interfusa
319 779 406 842 omni
435 779 502 841 adri
526 777 606 842 sudo
630 776 681 841 die
705 780 821 841 cuncta
844 777 880 841 in
902 779 1057 843 tenebras
1081 802 1148 845 ver-

131 869 227 930 terat.
274 865 356 930 Tum
379 870 512 949 repente
536 887 553 929 e
576 865 717 930 nubibus
742 865 891 931 draconis
915 866 1045 952 effigies
1069 867 1149 953 igni·

131 955 260 1019 tissima
284 956 419 1020 caelitus
441 955 564 1019 labitur
587 976 675 1019 mara
698 976 801 1038 usque
830 977 958 1039 unaque
989 978 1065 1022 curn
1095 958 1149 1022 illo

131 1045 328 1127 praestantis
353 1045 481 1129 aquilae
505 1043 629 1127 species
652 1044 795 1108 volabat.
838 1042 930 1118 Quod
950 1044 1008 1108 ubi
1025 1043 1149 1110 factum

93 1153 119 1192 10
133 1137 190 1216 est,
209 1132 297 1198 lovis
319 1154 447 1216 quoque
467 1131 645 1216 Babylonii
662 1132 869 1196 simulacrum
886 1133 1011 1197 motari
1033 1135 1149 1219 coepit

132 1220 177 1285 Et
206 1222 296 1286 hisce
323 1223 419 1286 factis
447 1242 558 1284 rursus
583 1221 680 1285 draco
704 1242 769 1284 una
793 1241 867 1284 cum
890 1221 1002 1305 aquila
1025 1245 1088 1286 sua
1111 1223 1149 1287 ad

132 1311 213 1373 caeli
243 1332 387 1374 convexa
415 1310 590 1391 remeavit,
622 1309 732 1393 aquila
765 1331 844 1372 sane
876 1309 999 1374 vehens
1034 1312 1149 1376 stellae

132 1397 298 1461 cuiusdam
322 1397 483 1481 fulgidum
506 1397 651 1481 globum.
696 1397 789 1472 Quod
817 1397 875 1461 ubi
897 1397 1048 1463 homines
1074 1401 1149 1464 visi·

132 1488 254 1567 tavere,
271 1487 373 1550 veluti
391 1486 640 1568 praenuntiante
660 1485 839 1569 divinitate,
858 1486 944 1570 quod
963 1489 1149 1572 gerebatur,

93 1594 119 1634 15
133 1572 318 1638 Alexander
342 1596 470 1659 quoque
494 1574 609 1657 spiritu
632 1574 782 1660 protinus
805 1579 962 1639 vacuatur
988 1597 1027 1640 ac
1051 1578 1150 1642 mori·

132 1667 194 1726 tur.
240 1661 347 1727 Persis
374 1667 486 1728 tamen
515 1664 619 1728 multa
648 1663 814 1728 contentio
843 1667 913 1727 erat
941 1665 1150 1747 cupientibus

132 1771 242 1836 regem
269 1753 305 1816 in
332 1773 433 1837 regno
457 1752 587 1817 Persico
616 1751 755 1836 sepelire
787 1773 910 1836 proque
940 1752 1001 1816 deo
1025 1752 1150 1819 Mithra

131 1841 345 1926 religionibus
368 1863 564 1906 consecrare.
606 1840 783 1904 Enimvero
802 1839 996 1905 Macedones
1021 1843 1063 1906 ad
1082 1843 1150 1908 Ma·

132 1930 301 1995 cedoniam
328 1952 444 2016 corpus
473 1930 615 1994 indidem
644 1928 722 1992 ferri
749 1932 783 1991 et
812 1929 882 1993 solo
906 1930 1014 2012 patrio
1044 1934 1150 2016 sepul·

92 2039 118 2078 ao
132 2019 282 2105 chrisque
297 2020 457 2084 maiorum
472 2018 673 2083 inferendum
687 2020 813 2101 putant.
833 2017 916 2081 Tum
930 2018 1150 2104 Ptolomaeus,

132 2109 218 2191 quod
242 2110 328 2173 enim
353 2110 449 2174 sciret
473 2108 557 2191 apud
580 2107 751 2191 Babylona
774 2105 861 2170 Iovis
886 2107 1055 2172 oraculum
1080 2131 1149 2174 esse

132 2196 322 2279 veridicum,
350 2198 385 2260 in
409 2198 478 2261 eius
502 2197 553 2261 dei
578 2196 772 2260 sententiam
796 2194 917 2276 differt,
939 2196 1079 2278 perinde
1103 2199 1149 2262 uti

131 2283 271 2366 iusserit,
295 2285 509 2349 consulturus.
546 2285 699 2369 Deusque
722 2284 945 2368 interrogatus
969 2284 1018 2349 sic
1041 2288 1105 2351 ait:

237 2404 355 2472 Accipe,
380 2419 451 2470 qnae
469 2404 544 2472 regis
563 2403 644 2457 sedes
664 2404 812 2472 cultusque
831 2403 907 2458 dicet
943 2445 949 2458 .

91 2487 117 2528 25
239 2473 311 2528 Urbs
332 2473 433 2527 colitur
452 2473 511 2527 Nili
528 2475 644 2543 propter
662 2474 795 2528 umbrosa
813 2473 931 2543 fluenta,

238 2545 377 2614 Aequoris
395 2545 424 2599 in
443 2546 563 2615 gremio,
583 2545 686 2600 cereali
704 2545 783 2600 dives
801 2563 905 2614 anona,
1013 2582 1020 2593 ·

237 2616 358 2672 Nomine
376 2615 562 2671 Amazonidos
582 2632 653 2685 quae
672 2615 776 2670 dicitur
793 2616 901 2686 inclyta
920 2617 1069 2687 Memphis.

237 2687 291 2743 Hic
311 2688 367 2742 sibi
385 2690 493 2757 templa
511 2687 572 2742 dari
591 2689 705 2741 sacrata
724 2689 790 2741 sede
809 2688 922 2757 recepto

238 2760 324 2814 lussit
344 2761 489 2830 cornigero
509 2758 620 2829 genitus
640 2760 691 2813 sub
709 2757 814 2813 honore
834 2758 928 2826 Lyaei.

220 2979 237 3026 4
256 2973 346 3028 veluti
363 2990 413 3029 om.
432 2976 467 3027 A.
541 2979 557 3026 o
576 2970 680 3040 quippe
698 2969 735 3025 A.
762 2987 873 3040 qnoque
894 2972 928 3028 P.
958 2972 1148 3044 crassadoque

131 3043 255 3099 interfua
275 3045 309 3098 P.
365 3044 481 3099 oomni
504 3061 567 3098 aere
585 3043 619 3097 P.
653 3041 747 3096 omnia
765 3042 823 3095 aeri
841 3044 877 3098 A.
940 3047 1148 3112 9praestantis

133 3116 273 3171 Mai.Mr.
301 3118 446 3184 praestare
465 3115 538 3170 A.P.
568 3112 747 3183 praeclarae?
812 3119 845 3169 10
863 3114 965 3168 motari
984 3115 1017 3168 P.
1047 3119 1147 3172 nutare

131 3203 200 3242 corr.
219 3203 253 3241 ex
271 3189 369 3240 natare
388 3187 424 3243 A.
481 3194 511 3239 11
532 3187 575 3239 his
596 3186 630 3238 P.
682 3190 714 3237 13
734 3185 805 3251 fulgi
826 3185 859 3239 P.
914 3190 946 3239 17
966 3203 1074 3254 proque
1095 3188 1148 3242 deo

132 3257 238 3311 Mithra
256 3256 335 3326 relig.
355 3274 430 3311 cons.
450 3273 500 3312 om.
518 3258 551 3310 P.
590 3261 623 3310 18
642 3254 826 3323 religionibus
842 3257 916 3310 Mai.
935 3257 1101 3326 regionibus
1112 3261 1146 3312 A.

132 3335 166 3383 21
185 3327 359 3382 babiloniam
377 3329 409 3385 P
461 3334 495 3383 22
515 3326 545 3381 in
563 3344 613 3382 om.
634 3328 669 3380 A.
716 3332 750 3379 23
769 3325 884 3380 iusserit
904 3327 937 3381 P.
966 3329 1010 3381 inc
1030 3331 1093 3383 erat
1112 3331 1146 3383 A.

131 3400 296 3466 Numenque
315 3399 519 3468 interrogatum
539 3399 571 3454 P.
616 3403 651 3451 24
669 3398 774 3465 Accipe
794 3398 842 3466 qui
860 3399 897 3450 A.
944 3403 979 3453 26
998 3415 1092 3454 anona
1111 3402 1146 3454 A.

131 3468 161 3523 in
179 3484 254 3524 nona
268 3470 300 3523 P.
351 3476 385 3524 27
404 3470 589 3524 Amazonides
606 3468 640 3522 P.
669 3468 855 3523 Amazodinos
869 3468 904 3522 A.
933 3469 1073 3539 Memphis
1089 3472 1145 3526 Mr.

121 3540 228 3595 mensis
245 3542 322 3598 AP.
400 3549 435 3599 29
454 3539 527 3615 Lyei
545 3541 582 3598 A.
607 3538 680 3596 liaci
699 3538 735 3592 P.
