2414 3826
185 188 360 246 EPISTOLA
379 187 596 244 ALEXANDRI
613 189 664 243 AD
684 188 949 246 ARISTOTELEM.
1006 190 1068 254 191

58 355 210 437 cuiquam
236 372 306 416 esse
330 354 382 415 tot
404 351 568 436 prodigia,
594 353 658 416 nisi
687 352 832 417 subiecta
861 353 961 417 oculis
990 353 1070 417 meis

56 446 128 528 ipse
143 443 232 525 prius
252 445 368 505 cuncta
382 439 654 523 ponderavissem.
686 440 770 506 Mira
789 445 839 505 est
856 446 953 525 terra,
973 463 1069 525 quau·

56 537 130 597 tum
160 534 215 594 aut
243 530 401 594 bonarum
432 550 539 593 rerum
567 529 675 612 pariat
707 532 763 593 aut
795 531 968 613 malarum,
997 551 1070 594 con·

56 618 248 703 templatrix
272 621 305 681 et
326 618 456 701 pariens
479 617 612 701 publica
634 619 811 702 figurarum
838 641 875 683 ac
898 619 1071 703 fruetuum,

56 707 329 790 metallorumque
349 711 446 790 atque
465 706 663 770 animalium.
697 705 784 781 Quae
804 706 832 771 si
851 707 960 771 omnia
974 707 1100 773 liceats

57 797 179 862 intueri
202 795 342 876 homini,
369 795 424 858 vix
452 794 625 859 suffectura
654 799 704 859 tot
728 795 940 859 varietatibus
964 817 1071 859 rerum

57 889 130 970 ipsa
155 883 343 949 crediderim
366 883 508 948 nomina.
556 881 617 948 Sed
646 903 707 968 ego
736 882 774 946 de
802 883 869 967 his,
896 905 978 967 quae
1005 884 1070 965 pri·

57 997 146 1038 mum
168 972 315 1056 cognovi,
339 972 473 1054 eloquar
496 972 630 1036 daturus
653 993 797 1055 operam,
818 993 858 1034 ne
882 975 939 1036 aut
961 970 1071 1035 fabula

59 1067 116 1127 aut
143 1061 233 1145 turpi
261 1060 431 1125 mendacio
460 1060 577 1145 dignus
606 1060 737 1125 efficiar.
782 1060 892 1124 Etiam
921 1063 1070 1124 naturam

59 1151 162 1216 animi
186 1150 259 1234 mei,
283 1171 354 1213 cum
373 1149 474 1213 fueris
493 1152 690 1232 praeceptor,
713 1169 779 1213 non
803 1149 944 1233 ignoras,
969 1149 1071 1213 solere
1086 1175 1111 1214 ιο

59 1262 110 1304 me
141 1239 316 1303 terminum
348 1237 523 1321 aequitatis
554 1237 715 1302 custodire
741 1242 773 1301 ct
798 1238 925 1321 parcius
953 1237 1072 1315 omnia,

60 1350 156 1412 quam
187 1331 281 1412 gesta
312 1332 400 1404 sunt,
430 1325 528 1409 loqui.
573 1326 619 1390 Elt
648 1347 733 1390 nunc
763 1348 874 1409 spero,
905 1325 989 1409 quod
1020 1347 1071 1390 co·

60 1417 189 1503 gnoscis
219 1415 302 1479 nihil
333 1437 384 1478 me
415 1418 583 1498 tamquam
616 1419 799 1498 captantem
832 1415 1071 1498 iactantemque

59 1506 198 1591 gloriam
217 1504 352 1567 militiae
370 1507 502 1567 nostrae
522 1525 676 1569 asserere.
713 1503 802 1580 Quae
821 1505 945 1569 utinam
964 1504 1071 1568 minus

58 1594 223 1658 laboriosa
249 1593 344 1656 nobis
372 1612 430 1656 nec
457 1596 507 1656 tot
532 1592 628 1655 rebus
657 1593 914 1676 experimentario
941 1613 1071 1657 necesse
1086 1619 1110 1661 rs

60 1686 147 1748 esset
177 1701 376 1765 cognoscere.
425 1680 498 1764 Ago
528 1681 651 1765 gratias
680 1679 892 1746 Macedonum
921 1682 1072 1744 iuvenum

59 1770 173 1836 virtuli
194 1773 226 1834 et
245 1769 366 1833 invicto
387 1769 540 1834 exercitui
558 1775 680 1852 nostro,
701 1769 808 1852 quiin
828 1791 900 1841 mea
914 1770 1072 1853 patientia

59 1862 362 1942 perseveraverunt,
389 1859 426 1921 ut
453 1876 510 1920 rex
538 1878 650 1940 regum
680 1858 869 1939 appellarer.
916 1855 986 1932 Quo
1010 1857 1071 1921 tibi

59 1968 134 2011 meo
158 1947 253 2010 titulo
278 1946 378 2010 misso
406 1945 521 2010 lactari
548 1948 594 2023 te,
623 1945 787 2010 carissime
811 1948 1014 2029 praeceptor,
1044 1945 1071 2008 si

60 2036 182 2116 dubito,
205 2034 367 2118 delinquo,
390 2037 423 2098 et
442 2056 461 2097 a
481 2055 554 2097 mea
577 2038 697 2117 tuaque
716 2033 840 2117 pietate
860 2034 984 2116 aberro,
1007 2033 1072 2096 nisi
1085 2063 1112 2102 ro

58 2126 130 2207 tibi,
154 2127 190 2187 ut
214 2123 410 2207 Olympiadi,
434 2123 530 2186 matri
555 2143 653 2204 meac,
677 2123 906 2205 sororibusque
929 2121 1010 2185 meis
1034 2122 1073 2186 de

61 2213 198 2298 singulis
228 2213 321 2295 regni
350 2211 414 2274 mei
446 2211 624 2276 commodis
655 2211 811 2295 scribam,
842 2231 923 2294 quae
952 2210 1013 2274 tibi
1041 2213 1074 2274 et

59 2302 126 2365 illis
147 2301 332 2365 communia
350 2322 420 2364 esse
440 2299 625 2384 arbitrator,
643 2299 740 2383 idque
759 2300 822 2364 nisi
836 2299 960 2383 feceris,
979 2300 1071 2380 [uon]

59 2412 176 2474 parum
200 2389 357 2454 danobis
381 2387 571 2473 simpliciter
593 2388 736 2454 iudicare
760 2388 887 2455 videris.

149 2478 314 2543 Prioribus
342 2477 462 2542 litteris
487 2477 742 2563 significaveram
767 2479 828 2544 tibi
856 2478 895 2542 de
924 2477 1002 2542 solis
1025 2477 1072 2540 lu·
1086 2507 1112 2548 25

58 2588 183 2652 uaeque
212 2566 323 2651 eclipsi
346 2570 379 2631 et
402 2566 440 2630 de
469 2568 655 2631 constantia
683 2567 825 2631 siderum
853 2567 999 2650 aerisque
1024 2565 1073 2629 in-

59 2655 162 2738 diciis,
186 2676 267 2738 quae
287 2656 394 2719 omnia
417 2676 483 2720 non
507 2655 576 2719 sine
594 2676 715 2741 magna
739 2677 816 2720 cura
839 2654 987 2719 ordinata
1010 2653 1074 2716 tibi

59 2744 143 2827 misi,
167 2746 199 2805 et
221 2743 282 2807 has
300 2765 402 2807 novas
422 2742 646 2825 implicaturus
665 2743 819 2806 historias
843 2742 951 2806 omnia
976 2741 1072 2806 cartis

151 2914 317 2984 leuiquam
336 2916 375 2970 H.
384 2916 418 2970 P.
448 2916 548 2984 cuique
568 2915 632 2970 ruV.
671 2913 767 2968 2ise
786 2913 863 2984 prius
883 2916 984 2969 cuncta
1002 2931 1071 2983 pon-

58 2989 232 3044 deravissem
242 2986 281 3041 Η.
309 2984 443 3041 vidissem
455 2985 531 3055 prius
547 2987 648 3039 cuncta
658 2933 783 3054 pondera
793 2987 936 3055 (portenta
951 2985 994 3054 V.)
1005 2984 1071 3039 u.V.

59 3061 140 3129 mira]
167 3058 323 3112 mirandum
347 3057 386 3111 Η,
459 3056 711 3125 3contemplatrix
735 3057 764 3109 et
786 3055 928 3126 pereatrix
948 3055 978 3110 V.
1008 3072 1072 3110 con·

57 3129 223 3199 templatrix
238 3129 338 3183 existat
353 3131 381 3182 et
394 3128 506 3252 pariens
516 3127 555 3183 H.
597 3133 614 3183 8
633 3125 744 3182 fabulae
754 3126 788 3181 L.
798 3128 885 3182 MR.
925 3133 956 3180 12
976 3127 1073 3198 quarn]

58 3217 132 3270 quae
143 3201 176 3254 L.
233 3206 266 3253 14
285 3198 377 3253 minus
408 3197 514 3253 uissent
532 3198 571 3253 H.
627 3203 659 3251 15
678 3197 760 3251 rebus
780 3197 929 3254 o.V.O.H.
954 3214 1022 3254 corr.
1042 3199 1074 3252 in

58 3288 151 3326 rerum
169 3271 202 3327 G.
223 3271 445 3340 experimentato
458 3268 569 3325 L.B.G.
590 3268 632 3340 [ta
645 3284 752 3324 crurum
766 3271 798 3324 in
809 3268 858 3340 O.].
883 3269 1075 3338 experimenta

61 3342 229 3398 G.M.V.H.
265 3358 336 3410 quae
351 3343 460 3395 utinam
473 3341 567 3394 minus
585 3339 727 3395 laboriosa
744 3341 826 3394 nobis
848 3341 956 3405 fuisset,
976 3357 1011 3394 ne
1030 3340 1074 3394 tot

59 3430 153 3467 rerum
161 3411 440 3482 experimentanobis
448 3428 565 3467 necessa
573 3413 646 3466 esset
654 3426 822 3480 cognoscere
832 3411 865 3466 P.
895 3411 1072 3465 1atitu10H.

60 3482 128 3538 stilo
147 3489 193 3539 cet
227 3483 328 3539 laetari
342 3486 370 3538 te
383 3484 414 3540 V.
424 3483 456 3539 G.
477 3485 505 3538 te
524 3499 574 3540 om.
594 3487 639 3540 cet.
691 3487 727 3537 23
746 3481 1031 3541 exaltatosque,
1043 3493 1094 3526 sr-

60 3554 151 3608 bitror
171 3555 253 3610 Codd,
289 3557 424 3625 idque-
439 3553 546 3613 videris
565 3571 619 3614 orn.
642 3555 678 3612 P.
714 3571 780 3612 riori
797 3554 899 3609 detaut.
