2414 3826
128 183 151 246 4
560 179 668 236 LIBER
686 183 706 236 J.

129 349 166 410 ut
196 366 328 429 queam,
357 366 397 408 ne
428 343 504 428 quid
533 342 572 408 de
599 342 739 408 divortio
768 343 1004 410 formidaveris.
1052 345 1145 422 Quod

129 434 193 498 etsi
215 433 312 516 foret,
341 432 462 499 vindex
484 430 571 496 facto
594 452 660 496 non
684 431 831 497 deesset’
877 432 1070 518 ‘Quanam'
1099 436 1146 500 in·

128 520 200 607 quit
222 521 407 607 Olympias,
430 518 481 585 ‘id
504 518 702 585 facultate?’
748 519 860 598 ‘Quod
889 521 1003 606 enim,’
1028 521 1146 589 Necta-

128 612 235 676 nabus
262 609 375 692 refert,
403 608 520 673 ‘fatale
547 608 608 672 tibi
636 613 686 672 est
714 609 889 675 secundum
917 611 1016 692 hanc,
1046 634 1146 696 quam

103 699 233 779 tuideo,
248 699 430 784 genituram
450 697 579 762 misceri
594 696 654 761 deo
675 718 756 782 eque
774 699 839 763 isto
855 699 1025 782 gravidam
1039 700 1147 766 filium

128 788 366 854 nutricaturam
384 787 524 851 ultorem
543 786 696 870 omnium,
715 787 743 850 si
767 808 849 871 quae
867 789 902 852 in
921 791 954 852 te
972 787 1145 874 Philippus

129 874 282 941 audebit?
315 875 399 940 Tum
416 875 487 939 illa:
506 873 564 939 ‘Et
582 873 731 958 cuinam,'
750 875 867 960 inquit,
885 874 956 941 ‘deo
977 877 1018 941 ad
1035 881 1146 942 torum

129 963 283 1030 debeor?'
324 963 518 1048 Respondit:
542 962 711 1027 ‘Ammoni
733 963 863 1048 Libyco.
905 964 938 1030 Is
962 969 1072 1030 autem
1096 970 1147 1031 est

129 1052 266 1119 fluvius?
302 1053 353 1118 Dc
371 1055 487 1136 aetate,
511 1073 573 1135 qua
591 1050 716 1136 visitur,
738 1055 866 1135 quaerit.
901 1053 1057 1118 Iuvenem
1076 1075 1145 1119 esse

90 1161 116 1200 10
130 1143 302 1208 renuntiat.
332 1141 381 1206 De
395 1142 477 1205 facie
492 1139 676 1205 sciscitatur
690 1143 723 1203 et
736 1141 834 1207 cultu.
863 1139 989 1207 Canum
1003 1145 1146 1208 caesarie

130 1230 209 1296 dicit
223 1234 256 1296 et
270 1251 325 1295 ore
339 1228 571 1314 praelepidum,
585 1228 787 1312 temporibus
800 1233 910 1294 tamen
926 1233 1023 1314 atque
1036 1231 1146 1297 fronte

130 1320 241 1384 arietis
261 1319 410 1384 cornibus
423 1320 626 1401 asperatum.
670 1316 811 1402 ‘Quarej
829 1318 944 1402 inquit,
965 1319 1146 1404 ‘paraveris

129 1413 177 1492 te,
198 1407 289 1473 velut
311 1407 441 1470 feminis
465 1427 535 1470 mos
559 1409 609 1469 est
632 1409 666 1468 et
687 1408 820 1490 reginae
844 1407 994 1472 decorum
1018 1412 1081 1493 est,
1106 1407 1146 1473 ad

130 1496 353 1560 huiuscemodi
376 1494 516 1578 nuptias.
551 1493 687 1558 Videbis
711 1496 797 1559 enim
822 1499 855 1560 et
878 1497 1041 1561 somnium
1060 1502 1093 1561 et
1111 1498 1146 1561 in

91 1601 116 1642 15
131 1585 257 1648 somnio
280 1583 411 1668 nuptias
434 1583 496 1646 tibi
519 1582 646 1647 futuras
672 1604 743 1648 esse
766 1605 838 1648 cum
862 1583 943 1651 deo?
989 1583 1043 1649 Ad
1065 1586 1146 1650 haec

129 1673 200 1737 illa:
224 1670 331 1758 ugo:
348 1672 468 1763 inquit,
492 1671 665 1736 ‘somnium
684 1673 712 1736 si
731 1672 910 1756 somniabo,
932 1695 999 1739 non
1022 1674 1089 1739 iam
1112 1679 1146 1739 te

130 1766 168 1825 ut
190 1782 287 1846 mago
312 1764 398 1844 utar,
422 1761 586 1825 enimvero
611 1760 663 1824 dei
685 1760 808 1825 honore
832 1760 1031 1827 venerabor?

219 1847 254 1917 4.
284 1850 479 1935 Progressus
498 1849 572 1913 inde
587 1847 795 1915 Nectanabus
815 1871 919 1936 neque
938 1855 1094 1936 oppertus
1112 1852 1146 1917 in
1165 1863 1191 1917 V.

131 1944 248 2022 tempus
261 1939 396 2024 longum
410 1939 528 2003 herbas
545 1961 584 2002 ex
600 1938 735 2003 scientia
750 1940 876 2022 quaerit
890 1940 930 2003 ad
945 1941 1146 2005 somniorum

91 2046 117 2085 20
132 2028 268 2113 imperia
290 2027 499 2093 necessarias.
545 2027 669 2104 Quibus
698 2028 819 2111 carptis
847 2033 944 2112 atque
971 2028 1007 2092 in
1031 2051 1145 2095 sucum

130 2119 250 2203 pressis
284 2117 408 2202 effigiat
440 2138 480 2181 ex
511 2137 584 2180 cera
616 2116 844 2198 corpusculum
877 2117 1017 2181 feminae
1053 2119 1146 2203 eique

130 2228 250 2271 nomen
272 2206 404 2290 reginae
428 2227 500 2270 cum
525 2205 765 2288 adscripsisset,
792 2205 947 2271 lectulum
969 2205 1074 2270 eidem
1097 2207 1145 2271 fa-

130 2294 285 2378 bricatur,
304 2293 357 2358 cui
379 2293 437 2357 illa
451 2293 575 2376 effigies
591 2295 823 2377 supraponitur
836 2287 991 2378 iuxtaque
1005 2295 1146 2360 lucernis

130 2382 272 2448 incensis
300 2403 414 2446 sucum
440 2381 613 2446 herbarum
641 2382 824 2465 potentium
849 2382 1053 2466 superfundit
1079 2406 1147 2449 car-

91 2488 117 2529 es
131 2493 270 2556 menque
290 2471 370 2535 dicit
388 2469 501 2534 efficax
525 2472 558 2534 et
581 2475 749 2554 secretum,
772 2492 835 2554 quo
855 2472 1003 2535 effectum
1027 2475 1086 2557 est,
1109 2475 1147 2537 ut

133 2559 287 2646 quidquid
315 2559 369 2623 ille
399 2559 597 2624 simulamini
625 2580 716 2625 cereo
744 2559 956 2643 loquebatur,
985 2560 1019 2624 id
1050 2582 1146 2625 omne

131 2649 202 2713 fieri
226 2649 288 2714 sibi
307 2647 422 2732 regina
447 2649 490 2713 sit
509 2650 643 2733 opinata
660 2669 718 2732 per
737 2649 908 2714 somnium.
941 2646 1041 2713 Videt
1059 2649 1146 2713 enirn

132 2759 166 2803 se
192 2740 226 2803 ia
252 2738 473 2821 complexibus
499 2737 558 2821 dei,
586 2759 665 2821 quos
691 2736 761 2801 fore
786 2758 859 2801 cum
881 2736 1041 2800 Ammona
1062 2738 1147 2802 dixo

131 2831 192 2910 rat,
215 2830 353 2910 postque
375 2827 560 2911 complexus
584 2826 678 2891 deum
703 2825 768 2888 sibi
786 2825 972 2909 loquentem
991 2825 1147 2904 audierat,

92 2932 119 2972 ³0
132 2914 255 2980 factam
274 2937 308 2980 se
328 2918 361 2979 et
374 2919 466 2979 utero
482 2936 614 3000 gravem
633 2918 665 2978 et
684 2914 843 2983 edituram
858 2913 1020 2979 vindicem
1033 2914 1147 2979 filium.

133 3001 246 3088 Surgit
270 3025 347 3089 ergo
373 3004 412 3067 de
430 3003 549 3069 lectulo
570 3008 602 3068 et
622 3004 781 3069 admirata
801 3003 920 3067 somnii
938 3003 1144 3068 maiestatem
1164 3016 1190 3071 V

221 3265 346 3338 tfacto]
361 3265 421 3320 fato
435 3271 462 3320 Τ.
501 3267 577 3320 9De
592 3264 697 3322 addidi.
718 3265 829 3334 quaerit
843 3266 949 3321 addidi.
987 3270 1020 3318 11
1035 3266 1145 3337 tamon]

131 3337 241 3391 tument
258 3343 285 3392 Τ,
360 3342 393 3391 16
413 3335 438 3391 si
456 3337 606 3392 addidisse
624 3337 765 3406 Epitorrza.
838 3341 870 3391 lu
891 3337 1026 3391 honorem
1045 3341 1072 3390 Τ.

221 3407 249 3462 4.
286 3413 317 3462 19
342 3409 454 3478 tempus
480 3409 587 3464 addidi.
624 3410 742 3478 quicque
768 3407 852 3474 ferrae
880 3408 986 3462 luterem
1010 3423 1067 3461 uon
1093 3407 1147 3477 lapi

126 3478 160 3528 in
177 3483 203 3528 π’,
252 3477 351 3557 ¹281‘12
369 3480 495 3549 supplevi
513 3495 546 3534 ex
564 3479 652 3550 Epir,
671 3495 722 3534 om.
741 3482 768 3531 Τ.
830 3484 865 3532 29
885 3479 1046 3548 complexus
1065 3477 1146 3548 Epir.

110 3545 312 3608 molestus
330 3555 356 3603 Τ,
433 3558 467 3607 31
489 3554 584 3610 somni
603 3549 791 3623 magistatem
804 3554 837 3604 u.
