2414 3826
89 160 179 214 XXIV
486 159 701 214 palarmo.

90 324 167 387 Iulii
185 322 309 387 Valerii
332 322 470 387 initium.
514 321 553 385 ln
576 323 655 387 folio
676 323 719 386 64
741 321 842 406 igitur
864 322 979 406 incipit
1002 321 1106 386 Iulius

93 411 245 475 Valerius
276 435 294 475 a
324 411 432 475 verbis
464 413 499 475 io
531 412 577 492 id,
606 413 688 492 quod
715 412 894 493 cupiverant
922 416 1109 476 commeatus

93 499 137 581 (p.
162 501 247 584 6,2'l
277 504 408 563 nostrae
437 496 617 584 edit-ionis),
646 499 756 563 finitur
782 499 899 562 folium
927 500 971 563 64
998 500 1107 564 verbis

93 589 180 652 Nom
210 593 240 653 et
267 609 330 652 rou
360 585 405 673 (p.
426 585 542 672 lar).
588 586 739 671 Sequitur
769 587 882 651 folium
911 587 954 651 65
985 588 1107 653 codicis

93 678 196 757 4880,
225 678 257 740 in
287 697 349 759 quo
373 674 447 739 Iulii
471 675 596 740 Valerii
623 676 761 740 historia
789 676 910 760 legitur
936 698 1038 759 usque
1066 677 1107 740 ad

93 765 148 829 fol.
164 766 233 847 8013
257 763 371 828 deinde
394 765 540 848 sequitur
559 764 738 829 Alexandri
761 764 899 846 epistola
918 763 958 827 ad
978 765 1107 829 Aristo-

92 854 189 917 telem
218 854 257 917 da
285 853 400 917 itinere
430 875 487 917 suo
516 857 549 916 et
577 854 649 917 alia.
694 851 821 916 Desunt
847 853 948 936 igitur
975 853 1027 916 vel
1056 876 1106 917 as-

94 949 221 1025 sumpto
251 964 289 1005 ex
319 941 427 1007 codice
451 943 538 1008 5873
566 942 646 1005 folio
671 941 713 1005 64
742 941 849 1023 eapite
871 939 1004 1004 l—VII
1032 941 1109 1006 libri

92 1031 188 1113 primi
216 1030 291 1094 Iulii
313 1030 451 1108 Valerii,
482 1053 563 1114 quae
594 1028 680 1113 quod
709 1029 837 1112 quidem
869 1029 1009 1095 sciamus
1039 1051 1107 1094 non

93 1124 262 1183 servantur
284 1119 349 1182 nisi
372 1121 407 1182 in
431 1118 538 1183 codice
562 1117 763 1182 Taurinensi.

183 1205 292 1272 Codex
320 1206 501 1289 Parisinus,
530 1228 725 1289 quamquam
749 1205 969 1270 Ambrosiano
998 1210 1109 1271 aetate

93 1295 228 1360 inferior
263 1297 327 1378 est,
362 1299 471 1359 tamen
506 1294 613 1359 indole
648 1316 721 1359 eum
752 1299 878 1377 aequat.
927 1293 1013 1358 Nam
1045 1296 1108 1358 etsi

94 1404 230 1466 magnas
254 1389 371 1466 partes,
396 1383 484 1446 velut
506 1386 610 1447 totam
629 1382 878 1465 descriptionem
899 1383 1010 1467 oppidi
1029 1382 1109 1447 Ale-

94 1471 246 1535 xandriae
269 1471 321 1535 vel
347 1470 414 1534 fere
438 1471 604 1535 dimidiam
628 1476 753 1554 partem
780 1471 937 1555 epistolae
965 1471 1006 1535 ab
1030 1471 1109 1536 Ale·

96 1559 217 1623 xandro
242 1559 282 1623 ad
306 1560 516 1624 Aristotelem
541 1561 680 1643 scriptae
703 1560 868 1643 multaque
892 1560 957 1623 alia
982 1561 1111 1625 omittit

95 1648 201 1712 aliena
225 1652 348 1732 autem,
370 1649 460 1712 velut
482 1650 588 1732 capita
612 1648 768 1731 quaedam
791 1647 924 1732 Iosephi
946 1651 980 1711 et
1000 1648 1110 1714 Orosii

94 1737 282 1820 interponit,
306 1740 415 1801 tamen
439 1736 523 1801 haud
546 1759 620 1801 raro
645 1737 819 1820 genuinam
841 1738 1016 1801 lectionem
1041 1759 1108 1801 ser-

96 1824 193 1890 vavit.
248 1823 411 1889 Nimirum
443 1847 484 1890 ne
516 1825 586 1908 ipse
620 1825 748 1909 quidem
782 1825 974 1908 corruptelis
1007 1833 1109 1890 caret.

94 1911 156 1978 Sed
184 1913 337 1998 quoniam
368 1915 414 1978 eis
445 1913 539 1997 locis,
570 1913 685 1998 quibus
717 1913 814 1978 lectio
846 1914 964 1978 codicis
993 1912 1108 1979 Tauri-

93 2002 202 2065 nensis
227 2007 356 2067 servata
380 2006 443 2085 est,
467 2002 657 2086 saepissime
681 2024 754 2067 eum
777 2001 969 2067 Taurinensi
993 2008 1109 2067 contra

99 2092 326 2155 auctoritatem
341 2092 459 2155 codicis
473 2090 684 2155 Ambrosiani
698 2092 857 2174 congruit,
871 2113 943 2155 eum
959 2112 997 2154 ex
1016 2092 1109 2156 fonte

94 2201 174 2263 puro
199 2179 379 2243 derivatum
403 2201 474 2243 esse
497 2182 597 2262 patet.
643 2178 736 2244 Unde
760 2179 913 2261 efficitur,
940 2183 977 2242 ut
1006 2181 1107 2244 etiam

94 2268 139 2330 eis
163 2267 257 2350 loeis,
286 2268 403 2350 quibus
428 2267 546 2331 codicis
570 2266 780 2332 Teurinensis
803 2268 1029 2332 testimonium
1054 2269 1108 2333 de·

95 2354 262 2436 sideratur,
286 2376 360 2418 oum
379 2355 615 2419 Ambrosianus
640 2361 673 2421 et
691 2355 856 2421 Parisinus
880 2356 965 2420 inter
988 2379 1022 2420 se
1043 2379 1109 2421 cer-

93 2446 177 2523 tent,
208 2441 383 2527 diligenter
411 2442 655 2527 ponderandum
685 2445 741 2529 sit,
769 2445 835 2509 utri
865 2445 975 2529 palma
1005 2445 1107 2511 detur.

95 2530 323 2595 Necessarium
350 2533 452 2616 igitur
479 2532 559 2597 mihi
582 2533 687 2598 visum
711 2537 773 2617 est,
801 2534 836 2596 in
865 2537 1024 2617 apparatu
1048 2535 1107 2600 ori·

94 2620 161 2684 tieo
191 2641 302 2684 omnes
325 2619 441 2684 horum
465 2621 565 2685 trium
594 2622 753 2705 codicum,
777 2618 1003 2706 Taurinensis,
1027 2622 1109 2687 Am-

94 2707 247 2789 brosiani,
271 2707 417 2788 Parisini,
441 2711 597 2774 lectiones
621 2710 785 2774 adnotare.

181 2795 242 2861 His
267 2797 413 2882 adiunxi,
439 2820 479 2861 ne
504 2799 582 2882 quid
607 2798 788 2882 neglexisse
817 2819 982 2882 arguerer,
1011 2798 1108 2864 initio

93 2886 167 2949 libri
189 2887 279 2950 tertii
301 2887 456 2951 lectiones

181 2970 218 3060 4)
246 2974 410 3040 Foliorum
449 2974 584 3040 duorum
621 2973 754 3040 codicis
790 2973 1010 3040 Basileansis
1045 2973 1107 3062 (B)

93 3085 174 3127 suec.
204 3062 253 3126 XI
287 3064 414 3145 scripti,
446 3084 533 3127 nunc
566 3063 732 3145 deperditi.
782 3062 871 3127 Haec
905 3087 923 3127 a
952 3063 1108 3128 Wacker-

95 3152 224 3234 nagclio
244 3156 374 3234 reperta
393 3157 489 3234 atque
508 3152 541 3214 in
560 3151 663 3215 Diarii
682 3152 881 3235 philologiae
897 3150 1109 3217 Germanicae

96 3245 186 3303 tomo
205 3242 310 3322 primo
330 3238 442 3324 (1869,
465 3263 494 3322 p.
511 3240 700 3323 119-122)
721 3242 880 3323 descripta
900 3247 981 3305 sunt.
1025 3239 1108 3305 Con·

93 3329 200 3390 tinent
228 3328 327 3391 finem
356 3328 471 3410 capitis
507 3329 613 3391 ultimi
644 3329 719 3392 libri
742 3328 772 3392 ll
806 3339 837 3392 et
866 3331 972 3412 capita
1003 3331 1110 3413 1-3,

95 3417 226 3479 11-14
250 3417 325 3479 libri
346 3415 405 3480 ΙΙΙ.

173 3500 215 3585 5)
234 3501 341 3587 Saepe
370 3505 412 3569 ad
442 3506 708 3572 constituendum
734 3511 863 3570 textum
882 3505 965 3569 lolii
986 3505 1112 3570 Valerii
