2414 3826
129 179 172 244 92
275 186 279 192 “
552 177 661 232 LIBER
679 177 712 230 Il.

131 362 201 407 sese
224 341 469 405 transeuntibus
492 340 583 424 viris,
608 339 707 405 carris
732 339 829 403 etiam
852 359 949 421 quam
973 337 1143 403 onustissi-

129 430 191 493 mis
214 428 383 512 praebeat,
411 433 508 512 atque
536 451 575 493 ex
598 428 660 493 hoc
687 421 818 513 ingenio
847 427 897 492 sui
924 430 1003 492 tunc
1027 426 1142 512 grada-

130 517 204 582 bilis
224 516 318 599 foret,
341 517 462 581 ibidem
485 519 617 601 accepto
637 516 761 601 habitu,
784 536 881 601 quem
904 513 981 580 deus
1001 516 1145 582 monitor

129 607 455 689 praemonstraverat,
474 605 543 688 ipse
562 605 690 688 quidem
708 626 773 670 uno
792 625 870 669 usus
889 624 971 687 equo
991 607 1143 689 coeptum

104 695 195 758 aiter
218 694 301 778 agit,
326 693 497 759 Eumelum
524 715 622 777 porro
650 715 725 759 cum
753 693 843 776 equis
871 692 995 757 duobus
1023 692 1143 757 ibidem

131 781 309 847 subsistere
334 803 371 847 ac
394 803 428 846 se
452 782 572 866 operiri
594 782 693 847 iubet
737 781 845 865 Igitur
866 781 1061 845 transmisso
1087 781 1143 845 flu-

130 870 231 955 mine,
259 870 348 935 cuius
376 871 514 935 latitudo
543 875 594 936 est
615 870 703 935 haud
725 869 833 934 minus
858 868 956 933 stadii
979 891 1143 953 mensura,

130 958 170 1024 ad
199 960 272 1042 ipsa
299 959 387 1045 regis
418 959 560 1024 tentoria
587 960 747 1042 penetrat.
798 955 861 1022 Sed
891 978 964 1021 eum
993 956 1144 1022 habitum

129 1047 191 1112 viri
212 1046 330 1112 Persae
355 1047 591 1113 demirarentur
619 1047 866 1131 opinionemque
895 1044 958 1109 sibi
980 1044 1083 1110 ferme
1107 1046 1144 1109 de

90 1159 117 1199 ιο
132 1136 190 1202 deo
214 1137 287 1220 ipso
312 1136 496 1219 suaderent,
518 1134 744 1218 nihilominus,
767 1134 876 1218 ecquis
900 1132 996 1217 foret,
1021 1136 1143 1218 quaeri-

130 1229 205 1290 tant
237 1228 271 1289 et
297 1225 459 1289 volentem
487 1224 657 1288 convenire
684 1243 794 1308 regem
821 1221 971 1307 protinus
999 1222 1059 1287 illo
1093 1222 1144 1287 de·

131 1313 261 1378 ducunt.
298 1312 474 1377 Enimvero
498 1311 582 1376 forte
600 1311 722 1376 Darius
741 1315 818 1376 tunc
836 1310 961 1375 visendi
984 1311 1144 1376 exercitus

132 1402 182 1466 sui
205 1422 303 1464 causa
332 1404 533 1483 processerat
554 1400 786 1484 hortandisque
811 1399 926 1464 animis
951 1420 1083 1464 suorum
1107 1400 1145 1464 de

131 1488 263 1572 ignavia
294 1486 507 1553 Macedonum
544 1488 800 1554 contionabatur.
864 1487 997 1571 Iamque
1034 1486 1146 1552 aderat

93 1599 120 1640 15
135 1574 320 1640 Alexander
348 1579 381 1642 et
407 1575 558 1643 habitum
574 1577 679 1657 ,illum
701 1598 917 1662 pompamque
944 1576 1054 1660 regiae
1078 1598 1146 1640 ma·

132 1665 337 1751 gnificentiae
356 1665 544 1730 mirabatur.
585 1664 734 1749 Denique
757 1686 823 1729 non
847 1665 968 1748 absque
991 1685 1030 1729 ea
1054 1664 1146 1729 dubi·

131 1753 254 1822 tatione
279 1753 359 1838 egit,
387 1757 538 1819 utrumne
563 1735 745 1819 adorabdus
774 1754 836 1819 sibi
864 1753 950 1817 idem
973 1774 1028 1817 rex
1051 1752 1145 1836 foret,

131 1843 179 1907 ita
198 1842 287 1907 omni
301 1842 389 1906 cultu
408 1845 485 1906 tunc
504 1842 623 1927 capitis
640 1848 717 1908 tuno
731 1841 879 1925 uestitus,
899 1844 1026 1926 sceptro
1047 1842 1145 1906 etiam

132 1934 164 1995 et
183 1931 381 1996 indumentis
399 1931 517 2015 pedum
535 1931 706 2017 magnifice
725 1930 952 1996 adornabatur.
985 1928 1145 1996 Aderant·

24 2080 26 2084 ,
92 2041 118 2083 ao
132 2042 194 2105 que
217 2023 252 2085 et
269 2020 447 2085 satellitum
471 2020 561 2085 milia
580 2026 713 2104 stupore
731 2020 901 2084 barbarico
920 2039 1030 2103 regem
1050 2041 1145 2084 suum

131 2112 168 2172 ut
191 2108 286 2173 deum
308 2109 608 2194 praesentissimum
637 2107 795 2173 demirati.
842 2106 903 2172 sed
930 2107 1000 2173 viso
1027 2107 1145 2173 habitu

132 2196 290 2261 eiusmodi
308 2219 365 2271 rex
383 2196 502 2261 Darius
526 2219 600 2262 oum
618 2195 762 2262 officium
781 2217 916 2281 quoque,
941 2195 1026 2280 quod
1045 2197 1145 2262 simu·
1171 2213 1181 2241 ·

131 2285 258 2348 laverat
277 2284 469 2366 Alexander,
492 2285 710 2369 cognovisset,
733 2285 819 2349 idem
840 2283 1024 2349 Alexander
1042 2285 1145 2369 prior:

133 2370 201 2435 ‘En
223 2370 285 2435 tibi
310 2372 425 2436 adsum
447 2372 666 2437 internuntius
690 2374 832 2458 quidem,
862 2373 1025 2437 enimvero
1050 2396 1145 2457 quem

42 2499 55 2523 .
91 2481 118 2523 ae
132 2458 236 2524 nihilo
256 2480 347 2524 secus
366 2460 469 2544 ipsius
489 2461 666 2525 Alexandri
685 2461 870 2546 praesentia
889 2462 1030 2544 opinere.
1066 2460 1146 2527 Ver-

132 2549 237 2632 baque
261 2548 328 2612 eius
352 2551 386 2613 et
409 2548 563 2614 mandata
586 2553 664 2614 sunt
686 2550 781 2616 talia:
810 2548 920 2635 ‘Ego'
943 2549 1061 2634 inquit,
1087 2549 1146 2614 ‘ar-

131 2637 236 2703 bitror
268 2658 341 2702 eum
373 2659 499 2724 regem,
531 2638 586 2722 qui
611 2660 727 2721 parum
755 2638 946 2703 festinanter
974 2639 1147 2704 contendet

132 2727 173 2791 ad
195 2726 369 2812 proelium,
391 2727 458 2791 iam
481 2727 588 2811 ipsum
612 2748 690 2792 suae
712 2728 864 2813 ignaviae
888 2731 921 2792 et
944 2726 1145 2792 diffidentiae

131 2817 249 2880 testem
272 2837 351 2880 esse.
392 2814 498 2892 Quare
521 2837 561 2880 ne
584 2817 671 2880 ultra
690 2816 876 2900 cessaveris,
900 2815 978 2899 quin
995 2816 1145 2900 protinus

91 2905 340 2988 aorespondetO,
367 2904 454 2989 quod
481 2908 609 2987 tempus
637 2904 732 2969 nobis
760 2905 914 2989 agitando
942 2904 1066 2988 proelio
1096 2904 1146 2968 de·

133 2991 244 3059 deris.'
301 2994 354 3058 Ad
385 2992 469 3058 hanc
502 2993 732 3058 confidentiam
762 2993 839 3058 dicti
878 3015 950 3057 cum
986 2994 1146 3058 excitatus

134 3081 241 3146 animo
269 3080 387 3147 Darius
417 3079 600 3148 ‘Numnam
631 3103 749 3165 quaeso
758 3080 778 3164 ,'
808 3082 960 3166 dixisset,
990 3080 1046 3146 ‘tu
1075 3081 1146 3166 ipse

224 3326 344 3381 lcarris
364 3326 423 3379 Mr.
452 3325 523 3379 caris
543 3326 577 3380 P.
623 3325 813 3381 tEumadum
834 3327 868 3380 P.
914 3326 984 3382 ose
1002 3326 1090 3395 igitur
1111 3326 1145 3380 P.

135 3404 169 3451 10
188 3398 348 3466 quaeritant
361 3396 418 3452 Mr.
438 3396 643 3465 quaeritantem
658 3398 690 3452 P.
734 3402 766 3451 18
785 3398 895 3466 sceptro
912 3398 970 3452 Mr.
991 3397 1095 3467 sceptri
1112 3398 1145 3450 P.

132 3474 167 3520 19
185 3465 376 3522 adornabatur
392 3467 450 3521 Mr.
476 3466 648 3522 adorabatur
664 3467 697 3521 P.
748 3472 782 3522 25
800 3465 890 3536 ipsius
905 3470 1012 3537 scripsi.
1039 3469 1094 3536 ipsi
1112 3468 1144 3520 P.

112 3535 182 3600 apso
198 3536 366 3594 Alexandro
383 3538 538 3610 praesente
558 3538 667 3596 Eberlt.
737 3543 774 3594 ‘Ab
792 3554 862 3592 suae
879 3538 939 3593 Me.
963 3539 1011 3590 eui
1031 3540 1065 3591 P.
