2386 3832
132 198 196 262 118
233 261 236 266 ,
549 195 662 251 urens
680 195 725 251 111.

221 357 254 423 8.
293 357 365 422 Hac
388 359 489 443 igitur
517 357 729 444 adrogantiae
757 381 911 443 specum
935 357 1003 422 dies
1025 357 1180 442 pariter1

131 452 165 512 et
191 448 281 512 locus
311 447 435 530 proelio
463 447 667 513 constitisset
695 447 850 533 fieretque
878 467 990 532 pugna
1019 445 1149 531 regalis,

131 535 282 620 primitus
306 535 436 620 quidem
462 558 579 619 anceps
603 536 659 600 diu
683 536 815 602 fortuna
837 534 1036 600 bellantibus
1061 534 1148 600 vide-

130 625 244 706 batur,
276 645 342 689 non
372 624 480 690 minus
510 624 694 689 Alexandro
726 630 855 709 tempus
885 623 1074 690 incursandi
1104 623 1148 688 ri-

95 716 257 794 emante,
287 734 384 797 quam
414 713 499 779 Poro
531 715 638 778 locum
668 714 812 779 vulneris
842 713 1033 777 declinante.
1086 711 1148 777 Sed

129 824 201 867 cum
229 802 315 866 forte
344 803 429 887 apud
452 802 551 867 Indos
580 825 618 866 ex
647 803 788 887 quadam
815 801 986 886 repentina
1014 822 1148 866 conver-

130 891 221 955 sione
243 889 320 955 Pori
349 891 505 976 strepitus
535 895 568 955 et
594 891 810 956 conclamatio
834 890 1029 974 exstitisset,
1058 911 1148 954 aver-

129 979 288 1063 tissetque
313 1000 359 1063 os,
383 1002 446 1064 quo
466 1002 598 1045 causam
617 979 720 1045 Porus
739 979 828 1044 illius
848 979 1004 1063 strepitus
1029 997 1147 1062 cogno-

71 1114 76 1121 ·
129 1069 245 1147 visset,
283 1069 411 1134 involat
440 1068 621 1133 Alexander
665 1072 762 1153 atque
800 1068 869 1133 eius
905 1066 1043 1151 inguina
1080 1068 1146 1132 telo

89 1157 256 1222 meminus
288 1156 454 1240 transfigit
488 1178 624 1240 eumque
654 1157 842 1240 prosternit.
892 1155 963 1220 Hac
998 1155 1147 1239 indigna·

128 1245 217 1311 tione
244 1245 317 1309 Indi
346 1246 479 1309 excitati
506 1245 540 1308 in
573 1266 664 1309 arma
698 1245 874 1327 prosiliunt
900 1245 1146 1327 instaurantque

127 1333 160 1396 id
183 1333 351 1416 proelium,
374 1333 460 1415 quod
484 1333 607 1417 absque
629 1333 724 1418 vulgi
741 1334 885 1417 periculo
903 1335 1036 1417 pactum
1059 1333 1146 1396 inter

128 1441 221 1505 reges
245 1424 324 1484 erat.
369 1419 547 1486 Enimvero
572 1420 754 1486 Alexander
782 1443 879 1506 saepe
906 1421 973 1486 iam
995 1419 1144 1485 Indicam
1161 1429 1193 1480 1¹

128 1508 193 1573 vim
217 1511 367 1592 expertus
385 1530 452 1574 nen
475 1509 606 1574 facilem
629 1510 677 1574 rei
700 1510 835 1575 bellicae
858 1531 956 1574 manu
976 1509 1144 1573 silentium

88 1616 114 1656 ιε
129 1596 253 1680 quaerit
285 1599 318 1661 et
356 1598 397 1663 ab
434 1597 530 1664 hoste
568 1598 761 1683 patientiam
793 1599 878 1682 petit
912 1597 1144 1683 paulisperque

127 1685 325 1768 patientibus
353 1686 387 1750 in
414 1685 501 1752 huno
529 1687 660 1752 modum
686 1687 842 1771 loquitur:
871 1685 964 1752 ‘Non
992 1685 1143 1770 equidem

127 1773 221 1839 video
241 1797 365 1860 causas,
384 1774 499 1859 oIndi,
517 1778 585 1840 tam
603 1776 781 1841 inconsulti
794 1776 928 1841 huiusce
943 1774 1142 1840 discriminis

129 1863 242 1948 vestri,
270 1885 343 1928 oum
371 1864 456 1929 nihil
480 1864 584 1950 egerit
607 1864 696 1930 aliud
718 1868 833 1930 nostra
856 1864 1025 1929 internos
1050 1885 1142 1949 proc

127 1952 234 2038 liatio,
260 1975 359 2037 quam
381 1954 430 2018 uti
452 1958 561 2019 vestro
585 1954 755 2018 commodo
779 1953 989 2019 consultaret.
1035 1950 1145 2036 Igitur

89 2061 115 2101 rc
130 2062 204 2106 cum
232 2043 336 2108 omnis
365 2043 576 2108 militantium
604 2042 653 2109 vis
682 2042 712 2106 ei
741 2040 954 2108 ostentationi
982 2040 1144 2124 proficiat,

129 2131 155 2194 si
175 2133 257 2195 teste
276 2131 474 2214 imperatore
493 2154 561 2210 suo,
581 2131 667 2215 quod
686 2131 824 2216 singulis
843 2131 888 2195 sit
902 2128 1011 2194 devoti
1032 2129 1144 2214 animi,

128 2220 389 2303 monstraverint,
413 2218 491 2302 quid
509 2220 572 2285 hoc
594 2220 642 2284 rei
661 2223 720 2303 est,
744 2220 829 2304 quod
848 2220 1013 2283 incassum
1033 2217 1143 2282 discri-

128 2306 216 2369 mina
230 2309 351 2456 Pvestra
378 2307 590 2392 profunditis,
619 2307 697 2373 Pori
725 2309 791 2373 iam
821 2306 1010 2372 testimonio
1040 2306 1142 2371 faces·

129 2397 221 2457 sente
256 2392 265 2420 ’
383 2431 386 2437 ·

87 2499 115 2541 ss
217 2480 252 2548 9.
298 2483 347 2546 Ad
379 2482 460 2548 haec
492 2483 579 2548 dicta
610 2505 685 2548 cum
717 2482 791 2548 Indi
824 2505 858 2548 se
889 2483 976 2555 nolle
1006 2481 1143 2548 Graecis
1161 2493 1188 2542 1,

126 2571 198 2636 fieri
231 2571 377 2655 captiuos
422 2571 650 2657 dominumque
683 2571 904 2637 Alexandrum
944 2572 1014 2655 pati
1050 2571 1144 2655 vulgi

127 2683 291 2726 murmure
314 2664 523 2741 testarentur,
547 2661 686 2726 secundo
711 2661 812 2726 etiam
836 2682 983 2726 sermone
1001 2658 1145 2725 Alexan·

129 2751 185 2815 der
203 2752 323 2834 monet,
347 2750 509 2816 solverent
528 2750 613 2815 hunc
632 2750 737 2816 cordis
763 2750 812 2814 sui
836 2753 959 2814 metum
979 2752 1145 2831 exspecta-

127 2840 314 2923 tionemque
346 2860 497 2904 curarum
529 2839 687 2905 eiusmodi
716 2838 881 2903 abicerent
912 2843 1011 2921 atque
1042 2837 1145 2902 seclu-

88 2946 115 2987 ³⁰
130 2929 256 3010 dorent,
290 2931 323 2992 at
350 2928 445 2992 fidem
474 2928 540 2992 rati
565 2927 622 2992 dat
647 2927 864 2994 iureiurando.
914 2924 1029 3010 Neque
1058 2926 1145 2990 enirn

129 3017 193 3082 sibi
221 3014 390 3081 libidinem
418 3018 519 3081 talem
546 3019 603 3081 aut
631 3015 824 3081 desiderium
855 3036 1008 3098 umquam
1038 3012 1145 3079 Indici

16 3126 20 3133 ·
129 3105 258 3188 imperii
290 3104 469 3188 adstitisse,
507 3105 562 3169 sed
600 3104 686 3169 enim
724 3126 854 3170 omnem
885 3102 976 3167 illam
1012 3123 1146 3167 causam

219 3278 248 3335 8.
281 3277 435 3346 singuina
451 3277 488 3333 A.
516 3253 631 3347 ingbem
650 3278 683 3333 P.
758 3283 791 3332 10
810 3277 918 3332 eminus
937 3277 969 3331 P.
997 3275 1090 3357 minus
1109 3274 1146 3329 A.

132 3356 165 3404 14
184 3366 242 3404 rem
255 3347 366 3417 bellice,
386 3366 453 3404 corr.
474 3351 509 3405 ab
527 3351 578 3405 ult.
593 3365 679 3405 manu
692 3349 725 3403 iu
737 3349 870 3403 bellicam
884 3348 920 3402 A.
964 3352 996 3401 17
1015 3346 1146 3400 huiusce-

122 3420 206 3474 modi
226 3421 262 3474 P.
335 3425 370 3474 20
389 3421 416 3474 ei
436 3419 470 3474 P.
500 3421 529 3474 et
546 3422 581 3475 A.

209 3490 239 3546 9.
274 3496 312 3545 26
333 3489 538 3561 dominumque
557 3490 592 3545 A.
621 3488 764 3544 dominum
783 3489 815 3543 P.
900 3491 934 3540 el
955 3503 1089 3556 umquam
1108 3484 1145 3541 A.

95 3573 191 3621 quam
214 3563 252 3619 P.
333 3570 369 3619 82
390 3563 559 3622 adstitisset
579 3563 615 3621 A.
