2414 3826
132 159 199 226 204'
252 159 427 217 EPISTULA
444 159 661 216 ALEXANDRI
679 159 729 215 AD
748 159 1019 216 ARISTOTELEM.

221 321 297 388 Mox
321 323 444 388 contuli
470 344 542 388 cum
565 322 654 388 ludis
678 345 811 388 manum
836 323 1061 408 superatisque
1086 325 1151 406 his,

132 413 181 478 uti
204 411 367 495 volebam,
395 415 505 494 erepta
533 412 631 476 armis
654 410 739 477 Poro
763 431 864 496 regns
887 412 1026 476 restitui.
1075 411 1148 498 Qui,

132 505 168 566 ut
191 500 221 564 ei
244 503 395 583 superato
419 499 523 564 honor
550 497 644 564 datus
673 504 735 584 est,
763 500 845 564 mihi
867 499 1041 564 thesauros
1069 524 1149 567 suos

133 588 370 672 manifestavit,
398 610 478 673 quos
502 611 573 653 esse
601 588 806 673 ignorabam,
834 589 1014 672 exquibus
1038 594 1148 655 meet

106 677 268 745 acumites
296 698 384 741 meos
412 681 446 741 et
471 677 657 741 universum
686 677 862 742 exercitum
890 677 1005 742 ditavit
1027 678 1147 744 factus·

133 787 195 852 que
225 769 275 830 est
305 765 427 831 amicus
458 787 496 830 ex
526 766 621 831 hoste
651 765 892 832 Macedonibus.
943 765 1008 830 Ast
1041 772 1076 832 et
1108 769 1147 832 ad

133 854 282 919 Herculis
302 853 474 938 Liberique
493 853 651 937 trophaea
673 876 725 919 me
744 853 875 917 deduxit
892 855 926 918 in
945 854 1081 920 orientis
1099 857 1148 920 ul·

132 943 222 1008 timis
251 942 330 1026 oris3
358 963 456 1007 aurea
481 946 618 1028 utraque
647 941 781 1007 deorum
809 943 1025 1007 constituerat
1049 943 1147 1009 simu·

133 1034 230 1097 lacra.
276 1032 366 1108 Quae
390 1053 431 1095 an
455 1030 560 1096 solida
584 1035 705 1114 essent,
733 1050 793 1115 ego
818 1031 899 1095 scire
923 1031 1055 1115 cupiens
1081 1054 1148 1097 om·

94 1147 120 1187 ιο
133 1121 188 1184 nia
211 1121 291 1185 iussi
313 1120 485 1204 perforari,
514 1126 546 1183 et
574 1119 607 1182 id
634 1119 741 1203 ipsum
769 1140 842 1183 cum
865 1119 1019 1184 vidissem
1043 1121 1150 1185 solida

134 1230 213 1288 esse,
238 1208 335 1273 simili
355 1208 487 1272 metallo
507 1209 667 1290 complevi
687 1211 720 1272 et
737 1207 910 1272 Herculem
928 1207 1148 1294 Liberumque

134 1297 265 1361 deiectis
290 1296 472 1360 simulacris
497 1296 637 1361 victimis
662 1296 870 1380 complacavi.

221 1384 318 1449 Ultra
332 1383 447 1448 deinde
460 1385 689 1468 progressuris,
708 1385 736 1448 si
750 1384 835 1469 quod
851 1385 1063 1450 memorabile
1083 1407 1148 1452 cer-

133 1494 292 1556 neremus,
315 1472 398 1536 nihil
421 1475 550 1556 praeter
568 1472 711 1536 desertas
734 1473 769 1537 in
793 1494 912 1537 oceano
937 1474 1040 1538 silvas
1062 1497 1148 1540 cam-

94 1585 120 1627 15
133 1583 256 1645 poaque
281 1582 318 1624 ac
341 1565 466 1625 montes
490 1560 731 1644 inhabitabiles,
756 1561 938 1645 elephantis
963 1567 996 1627 et
1020 1584 1150 1648 serpen·

133 1649 222 1713 tibus
234 1649 353 1733 plenos,
372 1671 441 1713 esse
461 1649 636 1714 dicebatur.
669 1648 851 1735 Pergebam
864 1653 974 1714 tamen
995 1651 1036 1714 ad
1052 1674 1149 1734 mare,

134 1742 170 1802 ut
197 1738 225 1802 si
252 1759 383 1822 possem
410 1737 463 1802 vel
486 1739 596 1802 orbem
619 1740 780 1802 terrarum
810 1738 1032 1803 circumfluum
1061 1741 1148 1806 navi-

134 1847 211 1912 gare
236 1848 400 1891 oceanum.
440 1824 543 1902 Quem
566 1826 721 1910 quoniam
745 1826 952 1891 tenebrosum
977 1827 1147 1894 vadosum-

133 1937 195 2000 que
214 1914 295 1979 mihi
313 1915 459 1979 locorum
480 1914 605 1980 incolae
624 1914 832 1979 affirmabant
857 1920 889 1979 et
907 1915 994 2001 quod
1014 1915 1148 1983 Herculi

94 2027 120 2069 so
134 2008 166 2068 et
188 2002 307 2068 Libero
331 2004 419 2068 ultra
437 2003 543 2068 visum
562 2025 628 2068 non
652 2006 737 2068 esset
757 2003 914 2087 accedere,
937 2006 1148 2089 praestantis·

135 2092 226 2174 simis
256 2092 333 2176 diis,
363 2095 455 2157 tanto
484 2092 640 2157 maiorem
670 2113 722 2157 me
752 2091 831 2174 ipsis
859 2092 961 2156 videri
989 2093 1149 2179 dicebant,

134 2317 272 2372 militibus
291 2317 430 2370 bellorum
448 2317 581 2386 periculis
600 2318 761 2373 innumeros
781 2318 909 2388 amisisti,
928 2320 1013 2374 datur
1032 2337 1051 2375 a
1070 2320 1148 2376 nobis

134 2388 251 2442 licentia
274 2388 435 2442 revertendi
458 2390 508 2441 aut
530 2389 648 2444 residuis
672 2390 721 2458 qui
742 2392 837 2443 tecum
862 2393 941 2458 sunt,
968 2393 1001 2445 ut
1026 2391 1147 2448 maxime

135 2458 224 2513 aetati
241 2461 308 2512 tuae
322 2474 430 2527 parcas,
451 2474 523 2526 quae
537 2459 584 2513 vix
599 2459 703 2515 sufficit
720 2459 783 2527 tibi,
803 2459 827 2513 si
840 2461 1038 2516 Macedoniam
1057 2461 1146 2518 redire

22 2595 25 2599 ⁴
134 2529 282 2597 disponas,
307 2530 357 2581 aut
380 2527 552 2583 deditionem
573 2531 653 2584 tuam
675 2530 756 2584 nobis
779 2530 892 2598 offeras,
918 2549 954 2586 ne
978 2531 1083 2602 capitis
1106 2532 1147 2588 tui

134 2599 288 2668 dampnum
306 2599 432 2653 incurras
450 2600 488 2653 H.
514 2601 546 2654 iu
564 2602 619 2654 imo
637 2603 768 2672 marytres.
824 2601 887 2655 3ei
906 2605 1040 2671 superato
1059 2605 1147 2659 honor

134 2672 216 2724 datus
235 2668 301 2725 u.V.
340 2669 366 2724 ei
385 2671 563 2738 insuperatus
582 2677 629 2727 etc.
649 2672 688 2726 H.
721 2670 864 2740 insperato
884 2676 963 2741 (corr.
984 2690 1018 2729 ea·
1036 2674 1147 2744 insupe-

133 2745 196 2796 reto
216 2742 256 2809 0.)
275 2739 375 2794 honori
394 2741 513 2795 donatus
534 2741 562 2797 0.
571 2743 604 2796 Ρ.
669 2750 759 2811 tque
778 2743 824 2797 est
841 2759 891 2797 om.
912 2764 941 2797 ω.
976 2744 1020 2798 est
1039 2761 1090 2800 om.
1110 2745 1147 2800 H.

134 2812 222 2868 trist
240 2829 289 2867 om.
310 2811 424 2868 u.V.H.
452 2812 490 2867 ad
508 2830 558 2868 om.
578 2812 689 2868 u.V.H.
769 2819 848 2868 ime
868 2813 984 2868 deduxit
1002 2831 1055 2870 ona
1074 2816 1147 2871 ω.Η.

133 2883 163 2937 in
182 2883 297 2938 orientis
317 2884 412 2937 autem
430 2883 468 2937 Η.
516 2890 548 2937 10
568 2883 758 2939 inanimali.
787 2883 817 2937 id
835 2885 927 2953 ipsum
947 2885 1063 2942 u.V.H.
1091 2905 1147 2940 rur-

134 2973 196 3008 sum
221 2954 250 3008 O.
325 2959 357 3008 12
377 2953 493 3008 deiectis
519 2954 601 3010 chd.
630 2953 737 3010 deustis
762 2954 841 3009 Edit.
866 2956 956 3011 Baete
989 2957 1148 3012 simulacris

91 3070 93 3075 .
133 3041 183 3081 orn.
203 3025 242 3079 H.
277 3025 435 3094 complacui
453 3025 488 3080 L.
496 3025 531 3080 B.
540 3027 581 3079 M.
590 3026 624 3080 P.
700 3030 731 3079 13
750 3026 952 3098 progressuris]
973 3027 1148 3098 progressuri

135 3096 218 3151 Oodd.
241 3094 266 3150 si
284 3111 333 3150 om.
355 3115 384 3150 u.
433 3100 465 3149 15
484 3099 594 3150 montes
614 3113 684 3165 quos
702 3096 860 3151 inhabitare
880 3095 1025 3166 elephanti
1045 3101 1074 3153 et
1092 3117 1146 3154 ser·

68 3200 70 3207 ν
134 3170 232 3237 pentes
252 3165 417 3220 dicebantur
437 3165 465 3220 0.
503 3168 611 3222 montes
635 3166 807 3234 audivimus,
831 3167 985 3235 inquibus
1009 3185 1071 3225 esse
1095 3170 1147 3225 ele·

56 3260 58 3265 ’
133 3238 234 3306 phanti
261 3241 307 3292 etc.
332 3235 371 3290 H.
422 3235 592 3291 habitabiles
616 3238 649 3293 G.
658 3239 700 3292 M.
790 3244 823 3291 16
842 3239 940 3307 plenos
966 3239 996 3294 V.
1025 3257 1077 3296 orn.
1102 3246 1147 3296 cet.

27 3306 44 3357 .’
135 3309 265 3363 dicebant
288 3306 357 3362 cV.
476 3312 508 3361 1⁷
528 3309 559 3361 ut
594 3309 691 3362 voleus
717 3309 754 3363 Η.
784 3308 830 3363 vel
852 3325 902 3364 our.
921 3309 960 3363 H.
990 3311 1053 3366 orbi
1073 3311 1146 3366 Vn.

133 3378 295 3446 navigarem
316 3378 345 3432 0.
421 3383 453 3431 19
473 3394 527 3444 quo
548 3308 574 3433 d
582 3380 615 3433 P.
685 3384 720 3433 20
738 3377 838 3434 Libero
865 3380 894 3433 V.
922 3378 1058 3435 Liberum
1078 3381 1106 3437 0.
1114 3383 1146 3436 Ρ.

126 3448 225 3502 Liberi
239 3455 286 3505 cet.
313 3447 565 3520 praestantissimis
585 3450 638 3503 diis
648 3448 718 3504 LV.
744 3451 1000 3519 praestantissimos
1020 3454 1088 3508 deos
1101 3458 1146 3509 cet.

117 3523 152 3570 21
169 3537 262 3588 posse
285 3521 378 3579 videri
390 3521 419 3580 O.
451 3520 585 3596 quodque
601 3519 735 3578 Herculis
752 3522 783 3574 et
792 3520 893 3574 liberi
903 3520 983 3576 ultra
998 3540 1084 3580 ausus
1102 3541 1146 3580 ue·
