2414 3826
495 175 708 231 PRAEFATIO.
1033 176 1110 230 XXV

97 338 173 402 usui
206 336 286 400 mihi
319 340 389 401 erat
421 336 585 420 llpitoma
620 361 639 403 a
671 337 755 402 Iulio
788 337 929 402 Zachero
964 343 1112 404 accurate

97 426 186 491 edita
214 424 308 489 Halia
339 427 432 491 1867.
480 425 663 491 Pleniorem
692 426 864 510 Epitomae
892 427 1030 491 formam
1059 450 1111 491 ex·

95 515 191 579 hibet
221 511 340 579 Codex
369 511 582 581 0x0niensis
611 513 705 599 (lorp.
734 513 852 580 Christ.
882 512 963 581 Coll.
991 515 1047 581 Nr.
1068 517 1111 581 82

96 625 181 668 saec.
204 602 269 667 XII
298 603 367 684 fol,
395 626 457 687 quo
482 603 603 668 Zacher
629 626 706 668 usus
733 625 799 667 non
827 607 884 668 est.
929 603 1004 687 Ipse
1032 627 1110 688 quo-

97 713 161 776 que
185 713 223 756 ea
245 695 384 775 tantum,
408 714 490 776 quae
514 692 740 757 Volkmannus
764 693 798 756 in
822 691 1111 758 ‘Adnotationibus

99 780 220 845 criticis
248 780 282 843 in
308 778 427 845 Iulium
451 779 637 845 Valerium'
663 778 795 866 (Portae
822 781 920 863 1882)
945 786 977 845 et
1000 781 1112 865 Meyer

97 870 133 932 in
166 869 250 933 libro
282 891 381 953 supra
412 869 510 934 citato
542 868 738 955 (Alexandre
769 871 798 933 le
829 869 936 933 Grand
968 869 1047 934 dans
1080 872 1112 934 la

98 958 284 1021 litterature
309 957 350 1020 du
375 980 490 1042 moyen
515 956 589 1044 age)
613 958 687 1021 inde
710 958 926 1042 protulerunt,
955 959 988 1021 in
1015 981 1110 1022 usum

100 1067 210 1110 meum
234 1049 420 1110 convertere
444 1046 545 1129 potui.
586 1046 679 1111 Unde
704 1068 776 1110 cum
801 1047 1006 1130 cognoverim
1025 1046 1111 1109 codi-

99 1155 171 1198 cem
190 1134 404 1199 Oxoniensem
429 1135 469 1199 ad
493 1135 610 1199 librum
633 1135 709 1199 Iulii
726 1134 850 1199 Valerii
876 1134 1111 1199 emendandum

98 1223 240 1287 multum
264 1223 424 1306 conferre,
447 1223 541 1287 valde
565 1224 668 1307 doleo,
692 1224 776 1307 quod
800 1223 880 1287 mihi
899 1223 1005 1306 ipsum
1029 1223 1112 1286 codi-

98 1333 169 1375 cem
194 1311 281 1375 adire
304 1333 369 1376 non
393 1312 492 1376 licuit.

189 1397 377 1464 Editiones
411 1399 487 1463 Iulii
519 1400 643 1464 Valerii
675 1400 778 1465 adhuc
814 1400 1003 1482 prodierunt
1036 1405 1112 1464 tres.

99 1487 150 1551 Ac
182 1488 322 1571 primum
355 1488 485 1572 quidem
518 1510 591 1552 eum
620 1490 766 1573 Angelus
798 1487 903 1553 Maius
934 1487 1112 1552 Mediolani

99 1597 186 1640 anno
206 1577 291 1641 1817
316 1576 425 1655 edidit,
449 1599 512 1641 uno
532 1578 640 1641 codice
660 1578 878 1641 Ambrosiano
899 1599 984 1641 usus.
1021 1576 1111 1642 Haec

98 1664 198 1728 editio
226 1665 345 1728 iterata
373 1669 423 1730 est
446 1664 651 1730 Francofurti
675 1667 715 1730 ad
738 1666 889 1731 Moenum
916 1687 1000 1730 anno
1026 1666 1111 1730 1818

97 1757 133 1817 et
155 1751 300 1817 Venetiis
326 1753 425 1835 1852,
453 1754 518 1818 nisi
541 1753 624 1818 forte
648 1755 690 1839 is,
719 1756 773 1838 qui
801 1755 884 1818 hana
907 1755 1111 1819 iterationem

98 1842 239 1926 curarit,
268 1864 345 1906 usus
374 1847 423 1906 est
451 1843 553 1907 altera
580 1842 647 1907 Mai
675 1843 822 1908 editione.
873 1842 963 1907 Haec
990 1843 1113 1925 prodiit

98 1929 223 1995 Romae
253 1929 340 1995 1835
369 1936 467 2014 atquo
494 1932 528 1994 in
556 1953 593 1995 ea
621 1931 770 2012 lacunae,
800 1952 882 2014 quae
912 1931 1005 1994 initio
1036 1931 1112 1994 libri

98 2018 198 2103 primi
220 2019 306 2082 etin
324 2019 429 2083 medio
449 2019 535 2084 libro
555 2019 694 2083 secundo
712 2018 858 2098 hiabant,
882 2040 919 2081 ex
939 2017 1112 2102 Epitomae

99 2107 267 2172 codicibus
295 2108 460 2173 nonnullis
488 2108 657 2172 Vaticanis
687 2107 832 2191 expletae
860 2106 1019 2190 multique
1047 2106 1111 2169 loci

99 2216 161 2278 ope
181 2195 372 2261 schedarum
391 2195 649 2275 Taurinensium,
673 2218 752 2279 quas
771 2195 876 2259 Maius
896 2195 974 2260 olim
995 2217 1014 2259 a
1033 2193 1112 2279 Pey-

98 2305 178 2349 rono
211 2290 395 2369 acceperat,
423 2285 589 2349 emendati
623 2292 708 2350 sunt.
760 2284 904 2349 Tertiam
937 2284 1112 2348 editionem

97 2372 175 2437 Iulii
207 2370 332 2437 Valerii
365 2374 491 2438 curavit
522 2371 556 2437 0.
589 2373 726 2438 Mueller
758 2375 817 2439 sub
849 2378 941 2439 textu
972 2372 1111 2438 Pseudo-

99 2460 312 2527 Oallisthenis
337 2464 389 2526 vel
411 2462 520 2547 potius
544 2462 679 2546 Aesopi,
706 2485 801 2545 quem
824 2462 947 2527 addidit
970 2463 1110 2528 Arriano

99 2572 120 2614 a
138 2549 311 2614 Duebnero
336 2550 423 2615 edito
441 2550 576 2615 Parisiis
600 2551 684 2634 apud
702 2550 882 2615 Firminum
901 2550 1003 2615 Didot
1025 2573 1110 2615 anno

101 2639 197 2704 1847.
253 2637 314 2714 Qui
347 2660 418 2703 oum
451 2643 596 2703 uteretur
628 2640 736 2704 codice
766 2638 931 2719 Parisino,
961 2640 1110 2704 lacunam

101 2727 234 2792 secundi
258 2727 334 2790 libri
356 2732 471 2806 totam,
493 2728 627 2792 lacunae
646 2728 744 2812 primi
766 2727 842 2791 libri
856 2725 1019 2810 'magnam
1037 2749 1111 2811 par·

98 2821 166 2879 tem
194 2816 350 2899 explevit3
379 2837 460 2900 quae
489 2816 658 2881 etiamtum
686 2817 780 2879 initio
808 2816 883 2879 libri
908 2814 1005 2898 primi
1028 2816 1111 2879 desi·

21 2909 26 2916 ”
98 2903 306 2986 derabantur,
329 2905 398 2988 ipse
423 2926 548 2988 quoque
573 2926 611 2968 ex
634 2904 790 2989 Epitoma
814 2903 987 2987 supplevit.

187 2991 399 3057 Emendando
423 2992 505 3056 Iulio
523 2993 655 3057 Valerio
680 3015 809 3076 operam
835 2992 989 3056 dederunt
1013 2991 1112 3075 Geyer

98 3081 134 3144 in
157 3079 410 3145 Zimmermanni
432 3080 545 3146 Diario
569 3081 785 3165 Antiquitatis
807 3082 902 3162 1838,
926 3103 956 3163 p.
970 3081 1034 3145 419
1055 3102 1112 3164 sq,

97 3167 219 3251 Bcrper
248 3170 284 3234 dc
312 3169 445 3253 Xiorep,
478 3171 532 3253 qui
562 3167 615 3255 (in
646 3169 780 3234 Notices
813 3174 845 3233 et
875 3169 1023 3232 Extraits
1055 3169 1110 3233 des

98 3257 263 3322 Manuscr.
291 3257 329 3321 do
356 3259 388 3322 la
416 3258 500 3322 Bibl.
527 3280 594 3341 roy.
622 3257 712 3322 Tom.
731 3254 827 3344 ΧΠΙ)
852 3259 961 3342 capita
989 3258 1113 3342 aliquot

99 3346 175 3409 libri
200 3346 296 3429 primi
324 3368 362 3410 ex
386 3347 493 3410 codice
518 3346 664 3410 Parisino
690 3346 801 3424 edidit,
825 3347 970 3411 Haustus
997 3347 1031 3410 in
1054 3345 1111 3410 Mi·

100 3435 338 3499 scellaneorum
360 3435 636 3522 philologicorum
662 3437 747 3502 libro
776 3437 921 3502 secundo
936 3433 1136 3498 dratinus,

97 3524 195 3603 1858,
221 3523 367 3604 Klrrffl'us
392 3524 427 3589 iu
454 3526 696 3597 dissertatione
728 3524 984 3596 de-lt'rnerar'io
1012 3521 1162 3584 russas*
