2414 3826
90 232 91 236 ,
124 170 166 235 84
547 166 657 222 mana
674 168 708 223 11.

123 331 279 396 armanda
307 332 378 394 tum
408 329 544 414 Bactra,
576 328 674 394 Indos
707 331 806 394 etiam
839 332 871 394 et
902 327 1138 397 Samiramidos

123 439 226 503 regna
246 418 406 501 censebat,
430 427 605 502 omnesque
625 421 753 482 centum
777 420 809 482 et
828 419 996 502 octoginta
1015 424 1139 504 gentes,

124 528 203 591 quas
222 507 285 572 sibi
305 507 452 572 subditas
472 506 577 590 sciret,
596 506 637 570 ad
655 506 882 572 commilitium
892 508 1083 585 exercitare,
1102 513 1139 573 nt

44 646 48 653 .
122 596 151 660 si
174 594 312 660 nihilum
342 595 494 679 amplius,
523 597 609 659 certe
632 595 685 659 vel
713 595 889 660 ostentatio
917 596 1137 662 multitudinis
1199 607 1202 614 '

61 688 246 774 ,sterrore
277 683 416 767 quodam
445 682 641 748 Graecorum
671 682 787 747 animis
816 683 996 749 obsisteret.
1046 684 1138 752 Haeo

123 772 284 837 sententia
306 772 456 855 placebat
480 771 608 856 quidem
633 771 803 836 admodum
827 773 911 856 regi,
934 777 967 837 et
990 773 1137 858 adstipu-

122 860 277 926 labantur
308 861 407 926 etiam
437 861 584 946 plerique
612 860 812 944 praesentes,
842 861 906 924 nisi
933 861 1020 945 quod
1051 864 1138 945 apud

122 971 176 1014 eos
211 971 312 1015 unum
344 971 413 1014 esse
446 971 522 1033 prae
561 949 675 1014 ceteris
708 948 830 1013 viribus
862 970 961 1032 penes
994 947 1136 1016 Graecos

122 1038 307 1123 constabat,
330 1037 415 1122 quod
437 1038 511 1121 plus
535 1037 706 1121 prudentia
729 1038 847 1102 mentis
872 1059 968 1121 quam
991 1039 1137 1105 valentia

83 1149 109 1190 ιο
123 1148 294 1211 corporum
313 1129 456 1210 possent.
492 1125 582 1211 Ergo
606 1125 780 1191 secundum
803 1126 884 1191 hacc
902 1124 1021 1190 Darius
1045 1127 1137 1193 iubet

123 1237 252 1281 omnem
275 1215 415 1298 undique
440 1218 599 1279 armatam
623 1213 864 1278 multitudinem
888 1215 1068 1281 convenire.

86 1311 88 1315 ’
212 1301 270 1370 24.
289 1303 473 1368 Alexander
487 1322 563 1366 vero
577 1302 640 1365 iter
653 1323 709 1385 per
721 1299 868 1367 Ciliciam
883 1324 992 1389 agens,
1007 1325 1081 1369 eum
1118 1309 1188 1365 VIII.

122 1393 260 1456 multum
285 1391 384 1474 spatii
408 1391 467 1455 sub
487 1389 610 1455 aestivo
635 1391 704 1454 solo
725 1391 824 1454 armis
844 1395 978 1457 onustus
997 1392 1134 1475 pedibus
1154 1397 1196 1449 31.

122 1479 290 1563 exegisset,
312 1479 396 1544 forte
415 1476 575 1562 Cydnum,
596 1479 683 1542 haud
707 1478 856 1562 cuiquam
879 1481 1055 1546 secundum
1078 1480 1135 1546 fln-

82 1590 108 1631 15
122 1588 199 1631 men
220 1567 274 1631 vel
296 1567 521 1651 magnitudine
544 1567 595 1632 vel
619 1567 781 1651 perspicui
805 1568 945 1652 agminis
967 1569 1069 1634 nimio
1093 1572 1135 1635 ri·

123 1676 216 1741 gore,
247 1677 319 1720 cum
349 1658 450 1740 ponte
480 1655 635 1721 transiret
663 1656 842 1721 delectatus
875 1657 942 1722 eius
973 1657 1137 1723 evidentia

98 1745 245 1828 ‚pariter
274 1748 308 1809 at
336 1743 574 1830 magnitudine,
611 1766 676 1808 una
712 1766 786 1810 cum
818 1745 917 1810 armis
951 1765 1014 1811 sese
1043 1769 1135 1831 prae-

123 1832 238 1916 cipitat
266 1855 283 1898 e
311 1836 411 1919 ponte
440 1855 476 1898 ao
504 1833 710 1898 natabundus
740 1833 815 1899 exit.
861 1830 924 1899 Sed
951 1833 985 1898 id
1012 1834 1136 1900 factum

123 1922 254 1987 etiamsi
277 1923 307 1987 ci
330 1921 371 1987 ad
394 1921 618 1988 testimonium
640 1921 841 1987 fortitudinis
859 1922 1037 2005 plurimum
1061 1945 1135 1989 oon-

64 2027 108 2077 ,πο
122 2011 207 2096 tulit,
220 2011 439 2077 valetudinem
454 2014 566 2077 tamen
581 2010 836 2077 discriminosius
851 2011 983 2077 vicerat.
1008 2010 1135 2097 Quippe

122 2101 246 2166 calente
270 2100 471 2166 etiamtunc
496 2104 529 2164 et
553 2099 688 2165 sudante
711 2119 846 2184 corpore
864 2099 1008 2165 incidens
1033 2122 1136 2185 aquae

121 2189 208 2254 illius
241 2189 480 2254 vehementiam
511 2189 562 2253 vel
594 2189 736 2274 rigorem
774 2191 901 2253 tantam
936 2188 1045 2254 nervis
1087 2190 1136 2254 in-

121 2277 238 2341 iuriam
266 2277 505 2361 perniciemque
531 2275 722 2361 tradiderat,
752 2280 789 2342 ut
817 2276 957 2360 undique
984 2278 1135 2360 protinus

59 2426 67 2441 .
122 2363 289 2429 doloribus
320 2365 587 2430 concurrentibus
619 2365 727 2429 morbi
755 2386 853 2431 causa
883 2369 1051 2431 contracta
1080 2367 1136 2432 vix

56 2448 58 2454 ’
82 2470 109 2511 rs
124 2451 294 2536 expiabilia
317 2452 488 2518 videretur.
527 2451 632 2529 Quare
656 2473 729 2517 cum
747 2457 876 2537 tempus
894 2453 1070 2537 plurimum
1088 2455 1135 2520 la·

123 2541 254 2605 beretur
276 2562 380 2625 neque
406 2541 608 2606 medentibus
633 2540 744 2606 sedulo
768 2543 892 2607 curatio
916 2543 974 2607 illa
996 2546 1136 2628 pareret,

121 2624 292 2713 Philippus
311 2631 439 2712 quidum
461 2629 605 2715 nomine,
630 2629 734 2695 sciens
758 2631 838 2695 artis
863 2631 1006 2696 eiusdem
1029 2634 1063 2696 et
1088 2653 1135 2697 se·

122 2717 258 2783 dulitate
282 2719 525 2802 acceptissimus
548 2719 628 2804 regi,
651 2719 779 2785 conficit
797 2720 959 2803 poculum,
981 2720 1068 2803 quod
1087 2720 1136 2785 di-

213 2898 227 2946 1
247 2892 376 2947 armandi
386 2892 418 2948 P.
438 2892 627 2949 Sarammidos
636 2893 672 2947 A.
692 2893 927 2949 semiramidosP.
946 2893 1133 2950 correaMai.

122 2970 139 3018 3
158 2963 311 3019 exercitare
330 2965 365 3019 A.
390 2981 440 3020 om.
455 2964 488 3020 P.
512 2965 633 3020 excitare
646 2963 747 3020 Eberb.
784 2968 800 3018 b
820 2963 930 3020 animus
949 2964 1084 3020 obsistere
1098 2967 1134 3021 A.

122 3035 218 3107 trogi
238 3035 272 3089 P.
298 3035 383 3105 regiis
402 3035 437 3090 A.
511 3035 622 3105 'lapud
640 3052 687 3090 cos
705 3036 739 3090 Ρ.
767 3052 814 3091 eos
832 3037 870 3091 A.

211 3105 261 3161 24.
291 3112 324 3161 13
343 3105 443 3176 spatiis
458 3106 492 3161 A.
530 3106 646 3160 onustus
660 3106 783 3176 peditem
802 3123 881 3161 suum
899 3109 932 3162 ut
950 3106 976 3161 ei
994 3124 1055 3162 mos
1075 3109 1137 3162 erat

122 3177 184 3302 itpsa
197 3177 324 3303 ,intapia
350 3176 469 3303 puppibus
495 3177 652 3303 θέἒέιὲἓςοὺῄ
669 3194 702 3302 ato
725 3178 797 3232 forte
823 3177 921 3303 pidum
942 3179 1024 3304 11188,υά
1048 3181 1136 3304 ponpa

136 3264 243 3303 ransne
301 3291 307 3303 .
426 3263 486 3304 sess
592 3267 604 3302 a
671 3264 743 3303 com.
762 3264 876 3304 scruas.
995 3265 1079 3304 eom.
1130 3292 1135 3303 .

124 3323 157 3372 19
176 3319 203 3374 ai
228 3319 261 3374 P.
288 3318 350 3373 cius
372 3319 409 3373 A.
485 3324 520 3374 23
539 3265 677 3387 pernimio
700 3334 771 3388 quae
794 3320 830 3375 A.
903 3326 937 3375 26
957 3319 1136 3375 medentibus

124 3389 198 3444 Mai.
226 3390 366 3444 mentibus
385 3390 458 3446 ΑΡ.
536 3395 569 3445 27
589 3390 704 3514 puidam
723 3391 790 3445 Mai
807 3392 943 3461 supplevit
960 3408 993 3446 erc
1011 3391 1135 3461 Epitom.

123 3459 192 3513 artis
216 3460 290 3516 Mai.
324 3463 413 3516 artem
438 3459 520 3516 codo.
559 3477 588 3515 se
609 3460 740 3516 ulitatem
762 3463 798 3516 A.
880 3467 913 3517 28
944 3462 1040 3519 Verbis
1059 3462 1136 3532 ‘regi

112 3529 249 3582 eonrtcr't'
270 3531 377 3597 finitur
401 3532 549 3602 quaternio
576 3536 692 3603 paudus
718 3533 751 3588 ta
776 3531 825 3600 A.;
853 3535 995 3602 quaternio
1015 3535 1136 3602 'quintus
