2414 3826
376 159 505 215 OBITUS
524 158 748 216 ALEXANDRI.
1003 160 1067 224 145

55 328 243 390 monstrans
267 343 366 386 exeo
390 322 510 406 lapide,
539 323 628 387 ou‘us
658 322 787 407 quidem
810 323 918 408 fulgor
943 323 1067 406 ignitus

54 418 120 498 est,
147 434 223 476 nam
251 410 430 495 lychnitem
458 412 557 475 etiam
584 414 712 476 vocant.
757 410 965 476 Intuentibus
992 412 1068 476 visi·

19 580 21 585 ,
54 506 109 567 tur
130 499 241 584 opinio
261 499 419 583 quaedam
438 499 580 563 indidem
600 500 678 564 solis
698 500 842 566 orientis.
877 500 1068 566 Triclinium

54 611 182 676 quoque
201 589 321 653 ibidem
340 588 430 652 videt
448 588 513 652 alio
538 587 576 652 de
601 589 670 652 saxi
690 609 814 673 genere,
839 591 982 655 cuicum
1001 590 1068 654 sint
1099 668 1103 676 Α

53 681 169 765 igneae
188 677 343 762 quaedam
363 676 508 741 maculae
531 676 583 740 vel
607 677 796 762 inustiones,
812 715 848 724 —
864 678 950 742 haud
975 699 1093 744 secuso

55 771 135 833 haec
159 789 256 851 quam
280 767 307 830 si
331 765 482 830 candenti
506 765 613 848 lapide
636 769 713 830 sunt
730 803 767 813 —
784 766 935 831 flammea
957 767 1067 832 visita-

54 859 175 922 bantur
198 877 295 939 quam
320 855 347 917 si
371 854 507 918 caelitus
532 857 656 937 septem
681 858 770 918 astra
794 855 970 920 discurrere
995 857 1068 920 stel-

56 947 170 1030 lasque
200 944 287 1007 omni
316 942 422 1007 studio
447 947 480 1006 et
503 964 617 1008 sereno
645 943 705 1008 sub
729 947 873 1027 tempore
897 945 1067 1009 caelestem

56 1035 189 1100 chorum
214 1053 309 1116 agere
333 1031 459 1095 mirere.
505 1030 587 1095 Erat
615 1034 648 1096 et
675 1035 796 1096 tectum
826 1032 995 1097 adinstar
1022 1033 1068 1097 in-

54 1130 167 1208 tegrae
191 1120 305 1185 domus
329 1121 500 1184 marmoris
524 1120 659 1203 pretiosi
683 1141 779 1204 opere
801 1120 1067 1187 circumforaneo.
1081 1141 1107 1182 ro

54 1212 205 1294 Namque
239 1209 333 1274 aedes
366 1209 422 1272 illa
454 1211 600 1273 rotarum
633 1209 777 1293 lapsibus
810 1210 922 1275 subter
957 1210 1069 1275 adiuta

54 1300 175 1384 viginti
206 1299 387 1381 elephantis
421 1297 460 1362 ad
493 1298 624 1382 reginae
652 1299 770 1363 itinera
798 1300 988 1364 movebatur
1021 1321 1068 1383 eo,
1144 1294 1149 1313 '

55 1388 142 1473 quod
160 1388 212 1451 his
233 1387 331 1452 solita
349 1387 464 1470 regina
483 1408 609 1470 quoque
631 1388 807 1452 militatum
825 1409 960 1473 pergere
978 1410 1068 1472 prae

53 1479 189 1543 dicatur.
1083 1497 1110 1537 14

147 1563 206 1630 38.
241 1562 303 1628 Sed
326 1564 412 1628 anim
437 1564 620 1628 Alexander
643 1586 683 1628 ne
706 1566 810 1630 victus
833 1565 905 1630 rudi
929 1566 1069 1650 quadam
1088 1576 1133 1626 60.

56 1654 270 1720 admiratione
289 1652 459 1730 videretur,
483 1653 591 1735 ampla
616 1675 702 1736 sane,
726 1654 782 1718 sed
800 1676 859 1738 pro
883 1655 1069 1720 condicione

57 1743 243 1827 opulentiae
274 1740 406 1826 gentilis
437 1742 533 1825 atque
563 1743 742 1825 praesentis
771 1744 841 1807 visa
870 1743 932 1806 sibi
961 1744 1069 1809 omnia

57 1832 237 1896 confitetur.
290 1829 415 1914 Quippe
447 1829 649 1894 admirabilia
681 1830 782 1895 videri
814 1832 960 1915 potuisse
992 1836 1070 1896 tunc

56 1941 165 2005 mage,
192 1921 219 1984 si
244 1918 328 2002 apud
352 1917 493 1983 Graecos
516 1917 596 1982 haec
620 1918 739 2001 forent,
768 1919 854 2003 apud
878 1940 959 2002 quos
983 1923 1071 1982 esset

57 2009 262 2075 elaborandis
295 2008 390 2071 rebus
422 2007 594 2091 peregrina
626 2007 771 2071 materia.
822 2005 869 2072 At
901 2029 973 2071 cum
1007 2008 1069 2071 sibi
1083 2029 1110 2069 so

56 2101 152 2164 tauta
170 2097 377 2161 metallorum
395 2095 620 2161 huiuscemodi
644 2096 749 2179 pretia
773 2096 941 2178 servirent,
966 2097 1071 2180 segni·

57 2187 123 2250 tiae
147 2184 408 2251 condemnandos
428 2185 537 2269 fuisse,
561 2185 588 2248 si
612 2205 679 2249 non
696 2184 864 2269 haberent,
887 2184 1003 2268 quibus
1023 2185 1071 2249 uti

58 2297 97 2340 ex
128 2275 215 2340 facili
245 2274 399 2341 licuisset.
447 2272 492 2337 Et
521 2273 677 2358 intelligit
706 2275 819 2358 regina
847 2271 993 2339 Candace
1024 2275 1069 2338 in-

58 2365 191 2450 genium
218 2363 281 2427 viri
309 2368 341 2426 et
363 2363 482 2446 probat
505 2384 597 2446 sane,
625 2362 681 2427 sed
710 2363 745 2426 in
774 2364 995 2449 respondendo
1025 2364 1071 2428 sic

57 2456 117 2518 ait:
151 2450 255 2516 ‘Vera
284 2452 364 2515 mihi
395 2451 505 2516 dixisti
537 2451 630 2535 haec,
661 2453 844 2517 Alexander
876 2451 940 2517 mi.'
988 2453 1111 2517 Tumna

58 2542 169 2607 audito
192 2540 324 2606 nomine
355 2541 602 2624 obstupescens,
631 2540 783 2626 ‘Apage'
810 2543 930 2626 inquit,
960 2541 995 2606 ‘o
1024 2564 1071 2606 re-

58 2633 146 2718 gina,
168 2630 231 2695 hoc
255 2652 274 2695 a
297 2652 348 2693 me
372 2652 500 2715 nomen,
523 2630 641 2715 quippe
664 2630 734 2713 ipse
753 2632 939 2715 Antigonus
965 2651 1072 2711 vocor,

57 2721 222 2785 enimvero
246 2718 429 2783 Alexander
451 2718 547 2783 nobis
574 2740 632 2782 rex
655 2719 746 2802 cluit,
776 2719 866 2784 cuius
895 2739 956 2802 ego
986 2740 1072 2783 nunc

150 2969 219 3018 lex
237 2981 292 3018 uno
311 2963 405 3033 lapide
424 2963 457 3017 P.
490 2962 585 3030 fulgur
603 2963 639 3014 A.
695 2963 885 3030 2lyohnitem
905 2964 964 3017 Mr.
990 2962 1073 3032 ligni·

57 3041 117 3091 tem
126 3036 162 3091 A.
183 3038 212 3090 et
230 3034 356 3089 lionitem
370 3034 403 3088 P.
442 3041 457 3087 6
477 3032 502 3085 si
520 3033 651 3087 candenti
670 3031 765 3101 lapide
784 3035 891 3102 scripsi.
916 3033 943 3089 ei
962 3034 1074 3088 cadenti

58 3107 166 3176 lapides
178 3109 213 3160 A.
242 3123 296 3174 que
315 3104 429 3160 cadenti
448 3103 542 3173 lapide
551 3104 585 3157 P.
614 3105 799 3158 excandentes
817 3103 926 3174 lapides
937 3103 1072 3159 Mai.Mr.

57 3179 248 3233 visitabantur
266 3178 298 3232 P.
326 3177 488 3231 visebantur
505 3176 542 3229 A.
618 3180 633 3228 7
654 3192 739 3244 quam
758 3175 782 3229 si
801 3176 875 3231 AP.
902 3177 982 3246 quasi
1001 3176 1072 3230 Mai.
1147 3194 1150 3201 ’

60 3255 93 3304 11
114 3252 237 3304 rotarum
251 3250 308 3302 Mr.
328 3252 470 3317 portarum
482 3246 555 3300 A.P.
581 3245 658 3301 aiuta
670 3248 703 3300 P.
723 3249 755 3302 ut
774 3249 835 3304 aA.
874 3255 907 3302 12
927 3246 1030 3302 itinera
1040 3247 1072 3302 P.

59 3320 115 3375 iter
134 3321 167 3374 A.
243 3326 275 3373 13
296 3318 370 3386 quod
390 3319 489 3373 Selloe.
517 3334 571 3385 que
590 3318 664 3371 A.P.
698 3323 828 3387 pergeret
849 3320 882 3372 P.

150 3392 199 3447 38.
228 3397 260 3445 17
282 3394 366 3459 atque
384 3387 541 3459 praesentis
560 3405 609 3442 om.
634 3389 666 3444 P.
723 3395 755 3443 19
776 3391 850 3445 esset
870 3390 899 3443 P
926 3391 1020 3444 essent
1038 3390 1076 3441 A.

60 3469 93 3516 21
115 3463 294 3517 metallorum
315 3462 346 3515 P.
375 3463 403 3514 et
422 3459 540 3514 aliorum
562 3463 597 3515 A.
624 3459 792 3516 huiusmodi
811 3463 849 3514 P.
882 3465 923 3511 ‘ab
942 3455 1104 3509 dxaxaaxv.

60 3533 176 3587 dixisses
190 3534 226 3588 A.

98 3631 185 3670 Ivarus
202 3632 336 3675 Vaneurus.
932 3619 973 3664 &Q
