2414 3826
92 150 136 214 52
343 178 344 181 =
521 147 631 202 LIBER
648 150 669 203 I.

92 312 164 397 regi
192 310 400 394 respondere:
434 309 635 394 ‘Hystaspes
665 313 699 373 et
729 308 882 394 Spinther
913 310 972 374 deo
1003 310 1104 376 Dario

94 402 231 465 salutem
251 399 384 464 dicunt.¹
409 398 568 463 Miramur
586 399 666 462 satis
684 398 819 462 latuisse
838 404 881 483 te,
903 421 968 480 rex,
992 403 1106 465 tantae

92 488 308 552 multitudinis
318 488 476 573 impetum
487 488 693 571 supervenire
703 486 915 570 nostratibus,
926 487 982 570 qui
992 490 1105 572 quales

94 578 271 661 quantique
297 576 372 656 sint,
396 598 459 660 quo
483 574 611 639 facilius
635 575 824 654 noscitares‚
848 575 999 659 quinque,
1024 598 1105 660 quos

59 689 72 728 s
93 664 178 728 forte
197 664 338 730 indidem
357 668 471 750 captos
489 663 692 748 haberemus,
711 664 836 728 vinctos
854 665 1106 748 transmisimus,

92 774 159 818 non
178 755 249 818 ausi
268 775 380 819 eorum
404 755 491 818 ultra
511 751 632 836 aliquid
651 751 822 835 inquirere,
846 774 928 835 quae
952 754 1019 817 sint
1041 754 1105 818 for-

93 841 191 906 tassis
223 843 339 906 melius
368 843 440 926 regi
468 840 651 926 praescitui.
703 840 787 904 Boni
816 841 917 924 igitur
947 843 1106 924 consules,

94 931 394 1014 quamprimumque
416 953 490 995 oum
514 929 655 994 exercitu
676 929 727 993 vel
747 929 975 1012 potentissimo
1001 930 1104 994 eidem

93 1018 261 1084 obviabis?
455 1068 462 1081 .
965 1040 970 1050 ·

16 1176 18 1180 .
53 1130 79 1168 ιο
182 1105 241 1171 42.
286 1106 350 1173 Sed
386 1129 426 1170 ne
462 1104 679 1189 sicquidem
720 1105 921 1170 abiciendam
958 1107 1105 1171 mollien-
1125 1117 1167 1167 50.

37 1246 41 1257 .
95 1196 208 1260 damve
238 1196 359 1260 Darius
388 1194 616 1280 adrogantiam
645 1196 747 1278 putat.
800 1193 898 1259 Enim
929 1195 1104 1278 respondet

95 1284 228 1353 ducibus
262 1283 466 1361 memoratis,
496 1283 584 1346 ultra
618 1281 685 1346 illis
719 1303 808 1366 spem
841 1283 927 1347 vitae
961 1283 1104 1367 agendae

94 1372 159 1437 iam
180 1370 408 1454 deponendam,
432 1371 460 1435 si
482 1370 577 1434 modo
602 1369 732 1434 creditis
752 1371 816 1435 sibi
833 1371 952 1435 finibus
976 1372 1105 1436 absces-

95 1461 223 1524 sissent.
270 1458 394 1542 Quippe
417 1458 555 1524 virtutes
582 1457 727 1524 hosticas
755 1459 927 1545 magnifice
954 1464 1105 1525 executus

54 1570 80 1610 15
94 1547 230 1612 nihilum
254 1547 389 1631 periculi
412 1547 654 1629 monstravisse,
677 1569 740 1632 quo
764 1569 877 1632 reapse
900 1549 980 1613 scire
998 1548 1105 1613 Mace-

95 1637 212 1702 donum
236 1636 459 1701 fortitudinem
483 1636 676 1721 potuissent.
723 1635 783 1699 ‘Et
805 1657 900 1718 quem
928 1637 1013 1701 enim
1038 1638 1104 1701 vul-

95 1723 262 1807 neratum,'
278 1725 392 1809 inquit,
403 1725 568 1809 ‘vestrum
578 1745 714 1808 quemve
728 1725 960 1809 interemptum
971 1725 1104 1790 audiens

93 1814 156 1879 hoo
175 1813 384 1878 coniectem‘l'
420 1813 514 1879 Nihil
532 1813 633 1898 igitur
652 1835 828 1898 superesse,
847 1834 943 1896 quam
962 1814 1012 1879 uti
1030 1836 1104 1897 pro-

94 1904 154 1968 bro
177 1903 278 1967 fuisse
305 1901 490 1967 huiusmodi
513 1902 608 1966 duces
632 1901 805 1966 Persarum
832 1922 932 1986 regno
962 1903 1106 1967 sentiret.
1140 1953 1147 1966 .

54 2015 81 2053 ro
96 1991 158 2056 Sed
177 1993 262 2057 inter
279 1992 360 2056 haec
377 1991 443 2056 iam
456 1990 678 2056 Alexandrum
697 1991 813 2055 iuxtim
830 1991 978 2076 posuisse
997 1995 1106 2056 castra
1120 1996 1175 2050 XL.

93 2081 199 2146 noscit
225 2085 421 2165 propterque
444 2080 587 2145 vicinum
610 2079 744 2144 flauum
767 2078 952 2144 mansitare.
998 2078 1106 2164 Igitur

94 2169 135 2234 ad
157 2169 265 2252 ipsum
288 2192 399 2234 rursus
423 2172 456 2233 et
478 2169 645 2233 nominum
665 2167 892 2252 adrogantiam
915 2172 948 2233 et
972 2168 1105 2233 deorum

94 2258 293 2322 consortium
322 2257 384 2320 sibi
407 2256 573 2320 vindicans
603 2257 810 2342 gentiumque
838 2278 872 2320 se
901 2253 1028 2320 centum
1057 2261 1104 2320 at·

95 2366 157 2427 que
179 2344 301 2429 viginti
320 2345 486 2408 dominum
506 2345 694 2426 praedicans
718 2345 765 2408 ita
788 2345 914 2409 scribit:
939 2344 1103 2410 ‘Latuitne
1124 2356 1168 2405 51.

53 2454 80 2494 25
94 2434 126 2495 te
151 2432 265 2514 solum,
287 2431 480 2515 Alexander,
502 2431 595 2495 Darii
618 2453 738 2496 nornen
760 2433 928 2517 honosque
950 2433 1017 2518 ille,
1041 2455 1104 2517 quo

93 2541 154 2584 nos
184 2520 284 2584 donat
316 2525 412 2604 atque
443 2521 616 2605 participat
646 2542 762 2604 supera
794 2521 970 2586 maiestas?
1003 2543 1104 2606 eoque

94 2630 191 2673 ausus
224 2631 257 2674 es
289 2608 482 2673 transmisso
515 2609 598 2673 mari
630 2608 747 2673 Persas
779 2611 880 2675 veluti
912 2610 1016 2674 hostis
1049 2633 1105 2695 ap-

93 2698 235 2781 pellere?
257 2720 322 2762 non
346 2697 571 2762 beatissimum
593 2701 698 2780 ratus,
722 2697 750 2761 si
774 2702 944 2764 contentus
968 2699 1104 2782 imperio

184 2948 196 2996 1
218 2943 334 3012 Staspes
354 2945 383 2997 et
401 2941 521 3024 Spyntes
541 2943 574 2997 P.
608 2943 728 3013 Spyntor
746 2942 782 2995 A.
873 2941 1049 3012 disquirere
1070 2942 1104 2998 P.

22 3050 24 3054 .
94 3013 214 3067 fortasse
228 3020 255 3067 Τ.
329 3013 465 3068 tmelrus
483 3029 533 3068 om.
552 3015 588 3068 A.
625 3010 778 3083 praesciuit
797 3011 831 3066 P.

182 3083 230 3138 42.
261 3089 294 3138 10
313 3100 364 3139 nec
379 3083 419 3137 sic
434 3083 548 3152 quidem
558 3085 594 3138 A.
638 3089 669 3137 12
690 3083 815 3154 agendae
831 3084 905 3138 Mai.
934 3085 1104 3154 agereAP.

96 3160 129 3208 14
146 3155 294 3225 magnifice
309 3172 358 3210 om.
374 3155 408 3209 P.
459 3160 492 3209 15
510 3172 565 3223 quo
580 3172 610 3209 re
624 3156 660 3209 ab
675 3172 704 3209 se
718 3161 829 3222 'fsque
843 3170 872 3208 re
887 3156 923 3209 ab
939 3172 967 3209 se
982 3154 1054 3211 scire
1070 3155 1104 3211 P.

94 3241 180 3293 quare
200 3228 331 3280 abscessu
349 3226 389 3279 ire
408 3225 444 3278 A.
492 3232 524 3280 19
544 3225 680 3280 eiusmodi
699 3232 725 3280 Τ.
777 3230 810 3279 21
829 3225 983 3280 mansitare
1003 3226 1034 3280 P.
1063 3226 1105 3281 in-

93 3296 208 3352 visitare
218 3298 253 3350 A.
291 3303 325 3350 22
346 3297 537 3366 arrogantium
549 3298 582 3352 P.
620 3302 653 3350 23
674 3314 702 3350 se
722 3298 834 3350 centum
845 3299 879 3350 A.
900 3299 1061 3352 sexcentum
1071 3298 1105 3352 P.

94 3372 128 3420 25
146 3371 175 3422 te
194 3384 244 3422 om.
264 3375 291 3421 r.
325 3367 403 3421 Darii
422 3384 472 3423 om.
492 3374 519 3422 Τ.
564 3374 598 3422 26
618 3369 704 3423 donat
723 3368 791 3421 Μ.
818 3367 868 3421 dat
888 3368 922 3421 P.
967 3375 1000 3421 27
1021 3385 1105 3422 ausus

94 3454 123 3492 es
142 3439 305 3493 transmisso
325 3439 396 3492 Mai.
433 3454 528 3493 rursus
552 3455 586 3493 ex
609 3439 772 3494 transmisso
791 3438 826 3492 A.
865 3456 959 3492 rursus
982 3441 1105 3494 retrans-

83 3506 173 3559 mr'sso
189 3510 226 3562 R
263 3510 411 3577 appellare
429 3509 465 3566 A.
