2414 3826
137 199 200 264 102
559 195 671 252 LIBER
687 197 721 252 Il.

134 362 262 428 hostico
292 361 473 445 patiamur3
504 358 642 424 ferinam
673 359 794 424 etenim
825 361 976 443 expertus
1005 358 1155 426 hostium

134 451 259 515 rabiem
277 451 330 515 vel
348 450 429 534 ipsis
447 448 547 514 etiam
570 447 704 513 orbatus
723 446 905 513 adfectibus
926 469 965 513 ex
982 447 1047 513 illa
1060 449 1157 534 regia

133 539 335 604 beatitudine
357 539 392 602 in
415 537 571 603 extimam
593 538 667 602 veni
684 536 805 602 Darius
824 535 880 602 ille
899 537 1154 623 miserationem,

135 649 208 692 cum
232 627 313 692 mihi
336 648 404 691 non
426 630 536 691 mater
555 625 793 710 amantissima,
820 645 887 692 non
914 647 996 691 uxor
1023 626 1153 710 conspi-

107 715 330 798 arantissima,
351 737 419 780 non
437 714 623 781 suavissimi
641 714 702 778 filii
719 717 856 799 propter
873 714 949 798 sint,
972 714 1053 800 quin
1071 714 1153 780 haec

135 808 251 869 cuncta
264 804 511 869 adversantibus
526 803 679 869 serviunt
705 801 813 878 Quare
826 802 1000 887 pollicente
1015 825 1154 869 menon
1170 814 1203 868 32.

133 893 230 958 modo
245 893 415 959 thesauros
430 913 549 976 opesve
565 893 701 977 regales,
720 891 776 956 sed
791 891 885 977 regni
899 913 1028 977 quoque
1045 893 1153 957 nostri

134 1003 232 1065 quam
251 982 486 1066 amplissimam
500 981 693 1065 portionem,
712 980 831 1064 spretis
846 979 981 1045 Macedo
998 981 1154 1066 supplici·

132 1070 192 1136 bus
203 1070 361 1136 eiusmodi
372 1092 436 1136 una
445 1075 575 1136 tantum
584 1073 799 1153 proventuum
812 1090 945 1135 suorum
954 1071 1155 1154 adrogantia·

94 1177 125 1217 ιο·
135 1159 321 1225 delectatur.
352 1159 452 1243 llrgo,
471 1158 517 1222 mi
531 1157 622 1242 Pore,
641 1158 707 1222 iam
721 1157 838 1242 opibus
853 1157 1021 1244 fatigatus,
1040 1159 1152 1225 animo

133 1252 244 1313 tamen
267 1248 308 1313 ad
331 1247 529 1313 sententiam
551 1246 667 1330 milito,
690 1248 718 1313 si
741 1246 839 1312 modo
862 1246 983 1312 faveas.
1023 1246 1151 1313 Rursus

134 1337 218 1401 enim
241 1336 402 1422 proelium
425 1334 580 1419 meditor,
611 1338 644 1399 et
666 1336 695 1400 si
724 1355 806 1419 quos
823 1356 963 1421 queam,
994 1335 1035 1400 ad
1064 1358 1151 1402 com-

132 1424 320 1506 munionem
343 1424 424 1488 duoo
450 1423 640 1489 sententiae.
685 1422 778 1500 Quod
807 1423 835 1489 si
863 1427 900 1489 tu
929 1444 1060 1509 quoque
1082 1427 1152 1491 tarn

133 1512 239 1576 iustae
271 1511 488 1597 indignationi
526 1516 659 1579 nostrae
697 1513 873 1578 accesseris
916 1515 1072 1597 tuamque
1103 1514 1153 1579 in·

93 1618 119 1659 aa
133 1600 250 1664 iuriam
280 1600 531 1685 existimaveris,
565 1622 647 1687 quae
677 1601 712 1665 in
742 1622 793 1665 me
824 1605 975 1686 grassata
1005 1605 1073 1686 est,
1104 1603 1154 1668 ita

132 1689 354 1775 praecavebis,
378 1693 415 1754 ut
432 1693 468 1754 te
485 1690 621 1774 dignum
641 1689 703 1755 erit
721 1693 754 1754 et
772 1690 933 1756 maiorum
952 1695 1152 1772 nostrorum,

132 1780 166 1841 et
187 1777 244 1842 isti
267 1777 502 1862 conspirationi
525 1779 693 1844 consulere
719 1778 849 1863 tuisque
876 1779 1055 1845 commodis
1084 1801 1153 1846 non

132 1865 255 1932 deesse.
299 1867 406 1952 Igitur
434 1889 473 1932 ex
501 1868 654 1952 opinione
680 1870 795 1933 nostra
821 1867 950 1952 feceris,
978 1869 1006 1932 si
1034 1872 1152 1952 gentes

132 1956 405 2041 quamplurimas
424 1977 612 2042 congreges,
634 1977 794 2041 quamque
813 1956 955 2040 primum
974 1961 1085 2042 queas,
1108 1959 1151 2024 ad

92 2063 118 2104 aa
131 2048 246 2128 portas
267 2044 401 2130 Caspias
420 2045 544 2111 tendas.
584 2044 683 2109 Enim
705 2065 747 2109 ne
771 2046 815 2109 sit
838 2044 955 2110 militia
976 2044 1040 2110 tibi
1063 2047 1150 2112 mili·
1168 2058 1203 2111 33.

131 2134 273 2200 tantiam
291 2134 463 2216 inhonora,
488 2134 654 2198 dabuntur
677 2155 696 2198 a
718 2154 771 2198 me
789 2132 929 2218 singulis
947 2137 1150 2201 armatorum

132 2222 222 2287 aurei
246 2225 313 2286 tres
337 2223 549 2306 pedestrium,
572 2222 674 2306 equiti
697 2242 775 2288 vero
798 2223 952 2307 quinque,
978 2227 1151 2310 ceteraque

132 2330 215 2392 quae
239 2309 403 2373 alimoniis
433 2309 637 2375 abundarint.
682 2309 827 2376 Praedae
856 2332 984 2396 quoque
1012 2310 1151 2385 bellicae

131 2417 207 2479 pars
227 2417 266 2460 ex
285 2396 391 2462 madio
409 2401 520 2462 vestra
533 2397 600 2462 fiat.
631 2398 677 2461 At
696 2399 783 2463 enim
801 2399 862 2464 tibi
881 2398 1017 2483 privum.
1028 2421 1149 2467 munus

92 2501 117 2544 aa
132 2484 220 2549 istud
243 2485 394 2570 habebis,
420 2487 505 2570 quod
528 2486 670 2550 indidem
694 2488 935 2571 regalissimum
958 2493 1023 2572 est,
1045 2489 1150 2556 Buce·

130 2572 264 2656 phalam
283 2595 401 2658 equum
426 2574 549 2640 scilicet
571 2597 637 2640 una
659 2596 733 2640 cum
755 2576 855 2662 regiis
873 2576 1017 2662 phaleris
1041 2579 1149 2664 regio·

131 2683 192 2745 que
215 2664 305 2728 cultu
328 2664 579 2749 concubinisque
599 2664 760 2748 omnibus,
782 2686 862 2749 quas
886 2667 1053 2752 octoginta
1075 2687 1149 2732 cen-

130 2753 264 2837 tumque
287 2757 474 2838 numerant,
504 2753 559 2839 qui
581 2756 755 2819 noverunt:
785 2774 839 2818 eas
864 2776 977 2819 omnes
1002 2757 1148 2822 aetates

220 2927 329 2983 tInde
351 2945 371 2983 a
392 2929 480 2983 certis
504 2928 607 2998 ‘quare
629 2927 827 3052 pollicentem'
852 2933 900 2984 etc.
924 2944 1023 2985 rursus
1046 2931 1151 3000 incipit

132 2996 195 3052 Oea.
215 2999 311 3054 Ambr.
330 2999 424 3069 (Quot.
439 2998 502 3065 VI).
563 3005 635 3069 6p0
648 3000 750 3054 licente
769 2999 843 3053 Kal.
871 2998 1053 3068 pollicentem
1072 3002 1149 3057 A.P.

131 3073 147 3121 9
166 3070 353 3138 proventuum
365 3068 395 3126 Τ.
416 3085 466 3125 om.
477 3070 551 3127 A.P.
604 3075 637 3124 12
655 3068 763 3140 proelia
775 3069 809 3125 P.
835 3086 937 3139 queam
948 3072 982 3125 P.
1009 3088 1093 3140 quem
1110 3074 1149 3128 A.

130 3155 214 3207 quam
241 3140 273 3195 T.
311 3156 486 3197 communem
512 3141 544 3193 T.
644 3146 676 3195 15
700 3143 832 3210 grassata
857 3141 889 3196 T.
922 3144 1049 3197 crassata
1072 3143 1107 3199 A.
1115 3142 1149 3199 P.

132 3215 164 3264 16
183 3212 377 3280 praecavebis,
401 3215 434 3266 ut
459 3212 491 3267 T.
519 3212 665 3280 praeeatis
686 3211 719 3266 P.
748 3211 864 3281 pavebis
884 3213 919 3267 A.
961 3213 1016 3269 erit
1039 3230 1090 3271 om.
1113 3214 1148 3270 P.

131 3287 164 3336 1¹1
180 3298 235 3336 non
249 3299 299 3340 om.
309 3282 338 3337 Τ.
374 3289 406 3339 18
421 3282 548 3353 opinioni
561 3283 675 3338 nostrae
689 3284 749 3351 (om.
765 3283 852 3353 ex)A.
883 3289 916 3337 22
932 3285 1148 3353 pedestriumA.

130 3351 254 3420 pedestri
263 3352 292 3408 Τ.
302 3354 452 3423 pedesaum
458 3355 491 3409 P.
504 3353 673 3423 equitiltP.
685 3354 810 3424 equitum
816 3356 851 3410 A.
880 3359 915 3408 23
930 3354 1148 3412 abundarentA.

129 3421 320 3478 habundarint
337 3424 371 3480 P.
382 3425 411 3478 T.
480 3430 517 3479 24
535 3423 629 3481 media
646 3425 683 3480 A.
717 3425 839 3494 primum
860 3425 891 3480 T.
960 3431 995 3480 26
1014 3428 1092 3482 istud
1110 3429 1148 3481 A.

127 3493 187 3544 tute
210 3495 246 3547 P.
290 3495 335 3549 est
357 3511 408 3550 om.
433 3496 467 3553 P.
510 3496 672 3552 bucefalum
697 3495 730 3549 Ρ.
834 3501 868 3550 26
893 3495 1003 3552 scilicet
1024 3498 1150 3570 egregiis

134 3556 241 3618 baleria
259 3564 292 3620 1⁷.
373 3569 586 3626 assultuum.
609 3569 646 3625 P.
683 3566 776 3624 omnis
797 3566 834 3620 P.
901 3571 940 3618 ‘aa
955 3567 1026 3618 tatus
1041 3569 1078 3619 P.
