2414 3826
98 127 166 181 VIII
498 130 713 187 PRAEFATIO.

96 291 224 388 legitur
253 292 285 355 in
314 292 377 354 fine
405 292 480 356 libri
503 293 613 376 primi:
641 294 722 359 Inli
750 296 879 361 Valeri
900 295 1116 364 Alexandri

100 398 159 460 rei
177 397 324 462 Polerni
337 398 514 462 Alexandri
527 400 707 466 Macedonis
726 401 801 466 liber
813 403 939 483 primns
956 405 1034 484 expl.
1054 410 1117 488 ete,

102 486 137 549 in
174 486 282 550 codiee
315 486 550 552 Ambrosiano:
586 488 684 553 Inlii
722 490 867 555 Valerii
897 489 1116 558 Alexandri

100 575 283 640 Macedonis
299 575 485 639 Translalae
500 596 538 640 ex
551 578 670 659 Aesopo
686 577 803 643 Graeco
817 578 911 643 Liber
921 580 1048 660 primns
1064 587 1114 646 ele.

6 737 9 745 ¹
98 665 198 729 Libro
224 663 362 728 seeundo
388 663 605 748 subscriptum
634 671 685 730 est
713 667 747 730 in
773 667 881 731 eodioe
905 668 1115 734 Taurinensi:

102 753 185 818 Inli
215 752 344 818 Valeri
369 752 581 817 Alexandri
608 753 749 819 Polerni
775 763 814 819 o'e‘
842 776 891 820 res
914 761 1016 838 yeslae
1042 758 1115 823 Ale·

99 860 217 925 xandri
241 859 452 925 Macedonis,
476 909 483 925 .
507 909 515 925 .
539 860 621 925 latex
642 860 766 942 Eropro
790 860 887 926 Greoo
914 864 1013 944 explet
1040 865 1114 930 liber

98 951 249 1014 seenndns
277 952 343 1031 ela,
372 949 406 1012 in
438 948 546 1013 codiee
575 949 806 1014 Ambrosiam:
836 950 934 1015 Iulii
969 951 1116 1018 Valerii

100 1037 314 1102 Alexandri
336 1057 384 1102 res
403 1043 483 1120 peste
505 1037 680 1102 Alexandri
700 1037 881 1103 Macedonis
904 1041 1054 1105 translate
1077 1063 1116 1107 ex

99 1126 223 1210 Hesopo
254 1125 351 1190 Greeo
378 1131 430 1191 ete.
480 1124 555 1190 Non
585 1125 686 1210 igitur
716 1126 849 1190 dubium
881 1131 945 1209 est,
975 1130 1053 1212 quin
1084 1132 1114 1194 ei

100 1215 234 1296 auctori,
253 1216 343 1278 euius
358 1236 439 1297 opus
460 1213 577 1278 edituri
597 1235 716 1297 sumus,
735 1236 854 1279 nomen
873 1215 971 1279 fuerit
985 1217 1116 1283 Inlins

108 1303 286 1368 Valerins
304 1303 518 1367 Alexander
537 1302 739 1386 Polenoins,
763 1307 861 1387 atque
884 1304 953 1387 ipse
973 1306 1114 1372 clarissi-

102 1395 210 1456 matus
240 1391 434 1476 dignitatem
464 1390 655 1469 obtinuerit,
689 1393 837 1474 quamvis
870 1393 965 1456 aliter
993 1394 1117 1460 iudicet

102 1480 141 1543 de
163 1480 225 1546 hae
248 1501 283 1544 re
306 1478 426 1544 Paulus
445 1477 599 1566 Meyer1),
622 1501 718 1562 quem
742 1481 886 1544 refellere
911 1484 1114 1565 supersedeo.

101 1565 185 1634 Cum
212 1573 317 1634 autem
348 1590 431 1632 anno
456 1568 519 1634 338
546 1567 726 1632 Polemium
755 1573 787 1632 et
815 1568 936 1633 Ursum
964 1572 1113 1636 eonsules

99 1658 201 1722 fuisse
225 1659 359 1740 constet,
382 1657 521 1722 fortasse
543 1656 653 1721 Iustus
675 1654 809 1743 Grionl)
833 1662 919 1722 reete
942 1659 1034 1742 vidit,
1057 1663 1114 1745 qui

98 1751 246 1812 nostrum
270 1745 392 1809 Iulium
412 1744 579 1810 Valerium
598 1745 821 1810 Alexandrum
838 1745 1018 1812 Polemium
1038 1770 1112 1813 oon-

101 1836 204 1901 sulem
233 1836 325 1898 illum
355 1834 431 1899 anni
455 1835 518 1900 338
548 1855 618 1898 esse
646 1834 858 1901 confirmavit.
903 1833 954 1900 Ne
981 1836 1015 1900 id
1044 1839 1113 1921 qui-

101 1923 175 1989 dem
205 1947 225 1989 a
254 1945 330 1988 vero
363 1924 459 2007 plane
490 1922 658 2004 abhorret,
691 1922 776 2007 quod
807 1921 907 1987 Grion
938 1930 1115 2008 praeeunte

101 2013 221 2100 Illugio
260 2012 423 2097 exposuit,
460 2012 560 2076 etiam
592 2009 754 2075 Itinerarii
793 2016 958 2077 auctorem
990 2012 1112 2079 Iulium

99 2101 269 2167 Valerium
291 2102 401 2166 fuisse.
445 2098 509 2165 Sed
530 2099 592 2163 hae
617 2099 783 2182 opiniones
807 2104 916 2165 utrum
939 2105 1046 2166 rectae
1071 2126 1113 2167 an

98 2189 203 2256 falsae
228 2190 307 2273 sint,
330 2192 418 2253 certo
443 2188 659 2252 demonstrari
682 2189 804 2272 nequit.
850 2187 1029 2255 Careamus
1054 2192 1112 2275 igi·

99 2282 161 2360 tur,
184 2299 225 2342 ne
249 2277 371 2340 fumum
391 2276 574 2340 vendamus.
623 2275 710 2350 Quae
729 2298 805 2341 vero
824 2283 992 2361 praeterea
1011 2279 1112 2345 Grion

99 2368 302 2432 commentus
327 2368 391 2447 est,
417 2364 534 2428 Iulium
557 2362 726 2428 Valerium
750 2365 1006 2430 Alexandrinum
1032 2370 1114 2434 sedi·

99 2455 188 2520 tione
213 2453 417 2539 Aegyptiace
447 2475 466 2516 a
492 2451 694 2518 Diocletiano
720 2474 875 2537 oppressa
900 2451 1000 2540 (anno
1030 2455 1114 2544 291)

101 2543 162 2608 sub
187 2564 307 2609 eorona
329 2543 496 2624 uenditum
521 2541 555 2606 in
579 2563 694 2606 manus
719 2539 903 2607 Constantii
927 2541 1038 2608 Chlori
1063 2568 1113 2609 ve·

100 2633 197 2716 nisse,
219 2632 333 2697 deinde
357 2654 431 2696 eum
450 2629 675 2714 Constantino,
697 2630 765 2696 filio
785 2632 882 2714 illius,
906 2632 1002 2716 bello,
1025 2635 1112 2716 quod

97 2721 246 2786 Galerius
265 2721 300 2784 in
319 2720 426 2786 Media
445 2723 477 2784 et
495 2718 650 2783 Armenia
669 2720 771 2804 gessit
790 2718 893 2806 (297),
916 2721 1114 2804 interfuisse,

101 2811 277 2895 eodemque
291 2814 438 2893 tempore
452 2808 624 2873 historiam
638 2806 814 2872 Alexandri
829 2810 1007 2893 scripsisse,
1024 2816 1113 2894 post-

101 2920 139 2963 ea
159 2897 397 2980 Constantium,
420 2896 629 2964 Constantini
647 2896 758 2977 filium,
778 2895 961 2962 Constantii
980 2900 1112 2981 patroni

100 2989 151 3053 sui
169 2991 321 3073 nepotem
341 3009 422 3070 eum,
442 2987 492 3051 cui
510 2985 719 3050 Itinerarium
734 2985 910 3050 Alexandri
929 2987 1112 3051 dedicatum

97 3082 162 3160 est,
189 3076 376 3141 educavissa
405 3079 501 3160 atque
530 3075 570 3139 ab
599 3073 712 3138 eodem
744 3071 881 3138 Caesare
909 3074 996 3140 facto
1026 3097 1113 3140 anno

190 3289 216 3356 1)
236 3287 393 3340 Alexandra
418 3285 444 3339 le
469 3283 562 3340 Grand
585 3285 654 3338 dans
676 3286 705 3339 la
727 3283 886 3339 litterature
909 3283 1047 3355 franeaise
1071 3285 1109 3339 du

99 3375 202 3428 moyen
222 3361 283 3427 Age.
320 3357 399 3412 Paris
419 3361 496 3411 1886.
534 3357 611 3410 Tom.
631 3356 769 3427 11‚p.1o.

81 3518 116 3564 μ
135 3426 359 3565 XX²i⁷Iqu¹i⁰bffl
385 3427 451 3482 tutti
477 3426 506 3481 di
529 3427 699 3482 Aleseandro
723 3426 836 3496 Magno.
878 3424 1007 3495 Bologua
1032 3431 1110 3480 1872.
