2414 3826
133 188 198 254 206
254 188 432 245 EPISTULA
449 186 664 244 ALEXANDRI
680 187 730 242 An
747 185 1016 242 Anrsrornnnn.

133 375 150 416 e
170 351 260 416 silvis
280 350 525 435 elephantorum
542 351 719 414 immensos
732 370 849 435 greges
870 350 909 414 ad
929 351 1148 434 expugnanda

133 445 249 504 castra.
288 437 449 521 Imperavi
472 459 532 522 ego
557 438 757 502 Thessalicis
781 438 953 522 equitibus,
977 441 1016 502 ut
1039 460 1148 504 ascen·

133 528 245 591 derant
273 548 371 609 equos
395 547 568 610 secumque
589 526 742 591 tollerent
770 548 858 611 sues,
886 548 1025 610 quorum
1050 547 1146 611 grun-

131 616 218 680 nitus
232 616 345 679 timere
354 615 478 679 bestias
492 636 656 698 noveram,
670 619 704 679 et
717 636 884 679 occurrere
893 637 992 698 quam
1006 614 1148 699 primum

99 725 112 767 a
134 703 314 788 elephantis
333 703 424 768 iussi.
460 701 585 768 Deinde
610 703 692 768 alios
715 725 789 768 cum
809 703 915 768 hastis
938 706 1148 788 armatosque

133 793 224 877 sequi
248 792 373 877 equites
392 795 426 856 ct
443 792 603 856 tubicines
623 813 735 856 omnes
758 792 794 856 in
813 792 919 876 prima
942 792 1056 857 adesse
1082 793 1148 857 acie

133 886 166 946 ct
185 884 276 966 equis
295 881 473 947 insidentes
488 880 692 963 praecedere5
710 880 836 963 pedites
856 901 967 945 omnes
981 902 1148 946 remanere

132 971 167 1035 in
190 971 305 1036 castris
326 971 415 1034 iussi.
451 969 528 1054 Ipse
547 990 621 1033 cum
639 967 723 1033 Poro
743 989 820 1054 rege
839 971 872 1033 et
890 970 1038 1052 equitatu
1057 992 1148 1054 prae·

93 1104 96 1111 -
133 1060 248 1125 cedens
279 1058 345 1124 vidi
378 1060 527 1123 examina
556 1057 735 1122 bestiarum
768 1057 885 1122 erectis
917 1058 951 1120 in
984 1080 1046 1123 nos
1077 1081 1147 1144 pro

93 1171 119 1210 ιο
133 1148 332 1215 muscidibus
351 1147 526 1212 tendentia.
564 1145 707 1222 Quorum
731 1149 826 1231 terga
848 1150 881 1210 et
902 1147 1000 1232 nigra
1023 1150 1058 1211 et
1075 1170 1146 1212 can-

133 1238 208 1302 dida
236 1241 268 1301 et
295 1236 387 1300 rubri
415 1235 534 1300 coloris
564 1238 596 1299 et
622 1235 714 1299 varia
741 1234 900 1317 quaedam
929 1239 1032 1300 erant.
1079 1235 1147 1301 Hos

133 1325 236 1390 Porus
267 1324 431 1407 capabiles
462 1322 544 1386 mihi
578 1324 613 1387 in
647 1345 743 1388 usum
773 1323 930 1388 bellorum
959 1323 1148 1389 affirmabat

60 1477 63 1484 ,
133 1413 349 1495 facillimeque
381 1413 484 1474 averti
516 1433 628 1494 posse,
659 1412 687 1475 si
718 1411 758 1475 ab
789 1412 951 1494 equitibus
982 1414 1147 1478 verberari

135 1523 208 1566 sues
245 1522 311 1564 non
348 1499 550 1563 desisterent.
610 1499 674 1576 Qui
708 1499 921 1564 nihilominus
948 1548 957 1566 .
984 1549 993 1567 .
1019 1525 1050 1585 ‚3
1090 1524 1147 1566 nec

92 1610 119 1652 1⁶
134 1611 225 1653 mora
268 1587 469 1671 trepidantes
515 1587 681 1671 elephanti
724 1589 871 1654 conversi
915 1593 985 1653 tam
1029 1590 1147 1673 plures,

134 1700 231 1762 quam
254 1697 384 1761 pugnae
406 1677 546 1762 priores,
575 1677 679 1741 saltus
706 1677 844 1761 petiere3
872 1699 997 1742 cessere
1022 1678 1146 1743 bucinis

133 1767 301 1830 hominum
335 1769 369 1830 et
405 1765 639 1850 grunnionibus
676 1788 770 1829 snum
804 1767 948 1831 attoniti.
1003 1765 1147 1842 Quorum

111 1855 259 1940 equites
291 1855 453 1920 caedendo
483 1854 624 1938 poplites
656 1853 828 1918 admodum
860 1857 1045 1938 nongentos
1077 1878 1148 1921 con·

134 1948 288 2029 gregatos
322 1943 489 2028 octoginta
522 1941 713 2026 occidimus,
746 1942 963 2026 detractisque
995 1945 1146 2010 cornibus

93 2054 118 2095 ac
135 2056 192 2098 seu
215 2033 367 2098 dentibus
385 2031 569 2115 insignibus
592 2035 729 2095 onustus
751 2031 872 2115 praeda
895 2031 929 2095 in
952 2037 1062 2097 castra
1080 2056 1147 2118 per-

131 2123 215 2188 veni.
266 2121 353 2185 Iussi
380 2125 457 2185 tune
485 2119 604 2202 pluteis
635 2123 668 2183 et
695 2119 795 2184 lorica
823 2119 944 2187 vallum
970 2122 1147 2206 praecingi,

131 2231 172 2274 ne
193 2210 269 2294 quid
288 2210 424 2273 iniuriae
443 2209 539 2273 nobis
559 2207 807 2291 elephantorum
823 2208 977 2273 violentia
998 2210 1146 2274 aliarum-

131 2319 193 2381 que
222 2297 362 2361 fererum
397 2296 545 2361 adferret.
594 2293 665 2370 Quo
692 2299 825 2380 peraeto
854 2297 963 2380 quieta
991 2319 1058 2362 nox
1086 2299 1146 2363 fuit

132 2388 165 2449 et
189 2406 289 2469 usque
313 2383 352 2447 ad
376 2384 479 2448 lucem
504 2405 617 2449 omnes
642 2406 755 2449 somno
779 2385 892 2450 refecti
914 2385 1043 2451 fuimus.

220 2634 236 2682 2
256 2629 348 2682 castra
367 2630 548 2682 cucurrerunt
573 2626 605 2682 V.
637 2626 791 2683 Tesalescis
810 2628 933 2683 B.M.V.
976 2633 992 2682 ὅ
1012 2632 1145 2684 armatos·

132 2715 185 2768 qne
205 2721 234 2755 n.
265 2700 389 2755 armatos
412 2698 490 2754 V.H.
519 2699 636 2753 armatis
657 2699 686 2754 0.
765 2703 830 2753 'let
853 2700 884 2753 V.
912 2717 963 2755 om.
981 2706 1030 2756 cet.
1058 2716 1144 2769 equos

130 2771 260 2826 B.G.M.
333 2771 539 2840 8praecedens
559 2769 625 2824 nsV.
654 2770 807 2839 procedens
828 2770 903 2825 aff.
977 2777 1010 2825 12
1029 2790 1097 2826 usus
1116 2771 1144 2826 0.

132 2848 165 2896 13
184 2842 374 2910 facillimeque
384 2842 418 2898 L.
447 2841 586 2909 facileque
601 2844 649 2896 cet.
682 2840 824 2895 verberari
837 2841 913 2896 V.H.
942 2842 1084 2897 verberati
1098 2848 1144 2897 ret.

133 2919 165 2966 14
184 2911 233 2982 qui
254 2912 440 2967 nihilominus
458 2932 489 2966 n.
526 2910 602 2980 quod
624 2908 807 2965 nihilominus
830 2912 918 2967 fiebat
937 2912 966 2968 0.
1004 2911 1058 2977 Qui
1080 2929 1144 2967 mcx

131 3002 194 3040 sues
209 2985 321 3039 fortiter
334 2983 471 3046 cedebant
481 2983 512 3039 V.
532 2979 582 3050 qui
600 2980 783 3036 nihilominus
802 2982 992 3053 fugiebantH
1027 2989 1060 3038 15
1080 3000 1144 3038 con·

129 3056 203 3110 versi
222 3058 294 3110 sunt.
332 3053 422 3119 Quam
440 3053 534 3123 plures
555 3068 639 3121 quam
657 3070 754 3122 pugna
772 3054 811 3107 H.
856 3054 1039 3122 conversique
1059 3071 1144 3123 quarn

128 3128 237 3197 plnres,
256 3127 304 3195 qui
322 3141 433 3195 pugnae
452 3124 564 3178 fuerant
581 3123 700 3192 priores,
724 3124 813 3178 saltus
831 3129 928 3194 petere
949 3141 1048 3194 cepere
1067 3126 1143 3181 buci·

129 3197 172 3251 nis
193 3197 222 3252 0.
332 3203 364 3250 16
392 3195 466 3249 saltu
495 3194 587 3264 specie
611 3211 748 3249 recessere
767 3195 809 3248 M.
842 3212 950 3251 cessere
974 3197 1088 3264 quidem
1116 3196 1143 3252 V.

132 3274 164 3322 18
196 3267 344 3338 nongentis
381 3264 558 3336 congregat-is
591 3265 620 3320 0.
657 3282 707 3321 om.
740 3265 779 3321 H.
833 3271 989 3336 nongentos
1027 3284 1077 3322 cm.
1112 3267 1142 3320 V.

130 3345 163 3392 21
191 3338 295 3409 pluteis
319 3339 353 3394 G.
384 3337 487 3408 plumis
510 3336 633 3392 L.M.B.
670 3335 800 3404 plurimis
829 3338 861 3393 V.
898 3336 992 3406 pueris
1022 3340 1052 3394 0.
1095 3338 1142 3392 eli·

129 3409 189 3477 peis
203 3411 242 3464 H.
270 3408 360 3465 lorica
376 3409 450 3463 n.H.
469 3406 563 3462 loricis
584 3407 611 3462 O.
667 3414 701 3462 22
720 3408 814 3479 nobis]
833 3414 924 3464 noctis
939 3410 977 3463 H.
1032 3415 1067 3465 23
1087 3425 1143 3479 quo

122 3483 243 3546 peracto
268 3481 296 3537 0,
325 3497 375 3537 om.
399 3484 445 3536 cet.
568 3485 603 3532 24
626 3480 655 3534 et
674 3478 703 3535 0.
732 3496 781 3533 om.
808 3486 856 3534 cet.
898 3480 1001 3534 fuimns
1027 3479 1056 3535 0.
1099 3498 1144 3535 su-

118 3566 182 3605 ‘nus
200 3553 237 3607 P.
266 3571 319 3610 om.
340 3559 387 3612 net.
