2414 3826
137 171 200 234 142
552 167 661 220 LIBER
679 166 726 223 ΙΙΙ.

225 331 284 397 34.
306 331 467 396 Locorum
485 350 561 395 vero
583 329 736 414 pleraque
760 330 846 394 saxis
869 329 1001 415 quidem
1024 351 1149 414 aspera,

135 421 232 487 sicuti
256 421 378 485 dietum
402 421 460 496 est,
484 417 541 482 sed
564 439 646 502 quae
668 417 764 483 facile
787 440 1009 502 praesumeres
1032 419 1149 484 haberi

135 514 168 575 et
189 509 288 574 incoli
310 529 408 592 posse
435 506 632 572 numinibus.
678 505 804 591 Quippe
831 507 906 572 loca
930 507 1011 572 haee
1034 507 1148 572 domus

135 599 268 664 deorum
291 598 419 675 vocant,
443 599 476 658 et
497 595 686 679 plerumque
704 596 853 661 visuntur
876 597 911 659 in
933 596 1023 661 hisee
1048 618 1149 662 seoes-

108 687 226 751 ssibus
250 707 347 771 agere
371 684 415 748 dii
439 705 490 748 res
508 684 720 769 voluptarias.
756 683 908 749 Addebat
931 685 1051 769 quippo
1070 683 1150 750 Oan-

136 776 245 840 daules
269 779 303 840 et
325 778 457 839 vooatos
476 771 664 838 hominibus
683 773 877 856 respondere
901 776 933 838 et
950 775 1046 839 vultu
1070 794 1149 856 sese,

135 886 198 949 quo
219 865 294 948 sint,
312 864 445 948 regibus
465 861 619 926 confiteri.
656 860 774 938 ‘Quare
793 864 831 927 tu
849 884 987 947 quoque,
1007 863 1035 926 si
1050 862 1148 941 voles,

134 953 272 1019 invitato
300 951 466 1017 sacrifieiis
489 949 569 1014 haeo
592 950 739 1035 numina3
765 972 825 1015 nee
853 951 915 1014 erit
938 950 1075 1015 difficile
1098 973 1148 1014 ex·

134 1043 359 1125 perimentum,
385 1041 462 1125 quin
485 1042 518 1103 te
539 1059 664 1123 quoque
689 1039 739 1104 sui
759 1043 933 1123 conspeetu
952 1038 1148 1124 dignentur?

94 1153 120 1192 ιο
134 1131 239 1196 Multa
261 1131 363 1215 igitur
391 1127 585 1192 eiuscemodi
614 1149 687 1191 oum
714 1148 772 1210 per
800 1150 894 1194 omne
921 1129 984 1193 iter
1012 1128 1149 1195 vidisset

134 1221 371 1302 audivissetque
390 1216 582 1298 Alexander,
605 1216 737 1281 tandem
756 1237 828 1281 oum
848 1215 1011 1281 Candaule
1036 1217 1079 1282 ad
1102 1239 1148 1281 re·

134 1311 222 1393 giam
242 1306 408 1372 Gandaoes
427 1304 524 1370 venit.
563 1304 668 1381 Quare
686 1305 752 1369 iam
770 1307 912 1390 primum
930 1306 1050 1370 fratres
1070 1307 1148 1389 eius,
1163 1309 1185 1359 5l

133 1401 272 1481 postque
297 1397 329 1459 et
351 1393 464 1477 regina
483 1396 588 1456 mater
611 1415 683 1459 eum
702 1394 812 1479 regiae
830 1416 971 1479 pompae
990 1395 1147 1460 oomitatu

135 1483 294 1548 Candauli
329 1482 499 1547 obviantes
529 1481 563 1546 in
594 1482 780 1565 complexus
815 1485 885 1548 eius
918 1482 1148 1568 gratulabundi

93 1593 119 1634 15
134 1573 260 1636 inruere
291 1571 484 1656 gestiebant.
531 1569 595 1635 Sed
622 1572 709 1636 enim
736 1573 904 1655 praevenit
933 1573 1060 1637 iuvenis
1090 1593 1147 1637 neo

133 1661 223 1745 prius
253 1660 315 1724 sibi
344 1659 488 1724 adfectus
516 1658 650 1724 huiusce
679 1660 836 1745 obsequia
863 1660 1022 1747 deposuit,
1052 1682 1147 1746 quam

132 1749 303 1834 Antigono
328 1748 451 1832 gratias
480 1770 577 1833 super
606 1747 717 1814 adiuto
746 1770 817 1815 sese
847 1771 883 1814 ao
911 1750 1053 1814 liberata
1075 1771 1146 1815 eon-

132 1839 206 1924 iuge
237 1837 377 1902 confessi
406 1836 522 1902 forent.
571 1835 667 1902 Hune
698 1838 784 1902 enim
811 1837 1016 1924 Antigonum
1049 1839 1144 1903 inter-

131 1928 283 1992 nuntium
300 1948 370 1991 esse
384 1925 471 2011 regis
485 1924 662 1990 Alexandri
678 1948 850 2012 secumque
864 1928 1019 2013 legatum.
1058 1927 1145 1991 Tune

91 2037 117 2078 ro
132 2016 360 2102 quaerentibus
375 2014 501 2100 gratiae
520 2015 699 2080 novitatem
720 2018 753 2079 et
770 2016 924 2082 iniuriam
944 2019 1058 2100 raptae
1073 2037 1145 2081 eon·

131 2107 216 2191 iugis
241 2109 274 2170 et
296 2105 454 2169 ultionem
472 2103 595 2187 provisi
613 2103 762 2168 beneficii
784 2105 893 2170 refert.
933 2105 1023 2190 Ergo
1044 2110 1144 2191 agunt

132 2195 254 2279 gratias
283 2194 415 2257 iuvenes
444 2197 478 2256 et
505 2192 619 2277 regina
641 2194 783 2257 laetatur
805 2194 932 2259 ultione
954 2194 1079 2279 pariter
1100 2197 1143 2257 te·

131 2284 248 2346 merati
267 2280 452 2346 Candaules
476 2283 509 2343 et
531 2281 714 2366 integratae
735 2303 836 2347 nurus
859 2283 986 2348 illibata
1008 2282 1144 2348 laetitia

132 2369 240 2435 Coena
259 2368 396 2451 denique
415 2369 638 2454 gratulatoria,
661 2371 717 2434 ubi
738 2371 771 2435 id
789 2375 927 2456 tempus,
951 2394 1090 2456 operosa
1112 2373 1143 2435 et

92 2479 118 2520 aa
132 2458 253 2542 regalis
278 2456 459 2540 adponitur.
500 2456 545 2521 Et
568 2460 619 2522 est
636 2459 745 2524 videre
770 2460 855 2544 apud
877 2461 953 2525 illos
976 2461 1143 2526 lasciviam

131 2547 361 2629 barbarorum,
389 2546 541 2611 incubare
565 2548 693 2631 pretiis,
716 2548 858 2614 inludere
881 2549 1010 2635 pretiis,
1035 2549 1090 2615 sed
1113 2550 1144 2612 et

131 2636 218 2701 vesei
242 2635 280 2699 de
302 2634 426 2719 pretiis.

221 2723 279 2791 35.
303 2722 492 2808 Insequenti
511 2726 622 2788 tamen
642 2724 693 2788 die
712 2747 784 2790 oum
803 2727 917 2810 regina
931 2725 1082 2793 Candaoe
1116 2725 1185 2785 XXII·

132 2814 352 2878 ostentatione
367 2812 458 2897 regia
471 2813 692 2896 processisset,
710 2816 850 2899 superba
865 2815 1040 2881 admodum
1055 2837 1141 2902 gem·
1158 2809 1184 2864 5⁷

91 2904 220 2967 somate
236 2906 407 2967 stemmate
427 2904 459 2965 et
477 2905 641 2985 gemmato
657 2902 847 2988 diademate,
867 2908 993 2969 statura
1008 2907 1143 2988 auctior,

219 3111 268 3167 34.
289 3117 303 3164 1
323 3109 458 3179 pleraque
478 3111 551 3164 Mai.
580 3111 727 3182 plerasque
746 3114 782 3169 A.
821 3120 836 3168 6
855 3114 937 3168 vultu
957 3131 1017 3169 sese
1035 3116 1141 3186 scripsi.

130 3181 223 3238 vultus
242 3199 303 3237 esse
322 3181 358 3234 A.
383 3183 463 3235 vultu
482 3198 591 3249 quoque
610 3201 638 3238 se
657 3183 770 3254 regibus
791 3186 931 3255 MatMr.
985 3193 1018 3241 10
1038 3186 1142 3242 eiusce-

129 3253 207 3307 modi
226 3270 275 3309 om.
295 3253 329 3308 P.
368 3257 401 3305 16
420 3252 479 3307 eius
499 3251 634 3321 obsequia
655 3255 689 3308 P.
726 3262 759 3309 22
779 3255 886 3311 ultione
903 3258 978 3315 Mai.
1006 3257 1142 3313 ultionem

129 3324 203 3380 A.P.
278 3329 312 3377 24
331 3339 448 3392 operosa
466 3324 501 3377 A.
526 3339 611 3393 opera
630 3326 662 3380 P.
736 3334 771 3381 26
789 3328 940 3382 barbarum
959 3329 995 3383 A.
1024 3329 1141 3383 illudere

129 3395 228 3463 pretiis
247 3398 281 3451 A.
309 3410 359 3449 om.
382 3393 416 3450 P.

217 3466 266 3523 35.
287 3471 321 3521 28
342 3464 477 3522 Candauia
488 3466 523 3523 A.
578 3473 613 3522 30
632 3469 752 3524 stemate
762 3469 797 3524 A.
818 3472 957 3540 symmate
967 3470 1000 3527 P.
1034 3471 1143 3526 statura

113 3535 212 3590 autior
228 3539 264 3592 Α.
295 3537 398 3595 satura
418 3538 529 3597 auctior
552 3536 587 3599 P.
