2414 3826
145 164 208 230 186
298 162 513 218 ALEXANDRI
531 163 607 218 CUM
626 162 786 219 DINDIMO
804 161 996 220 GOLLATIO.

142 350 208 392 non
231 328 368 410 poteris,
395 347 454 390 nec
483 327 590 411 gloria
612 325 745 390 dicenda
768 329 831 410 est,
860 348 960 410 quam
984 325 1051 390 sibi
1074 326 1152 411 quis·

143 437 204 499 que
227 437 294 480 non
317 414 449 479 dederit
498 413 616 479 Verius
645 435 722 500 ergo
751 436 818 480 non
845 414 1076 499 beatitudinis,
1104 415 1154 479 sed

143 503 367 589 castigationis
389 523 459 568 esse
478 504 644 588 confirmo,
668 503 753 586 quod
773 503 890 568 vivitis.
928 502 975 568 Et
994 505 1024 567 si
1042 504 1154 588 placet,

142 593 385 657 institutionum
408 595 590 656 vestrarum
612 595 723 676 partes
747 591 895 676 singulas
918 613 1154 675 percurramus.

117 705 130 746 1
232 680 300 745 Nec
337 681 455 744 habere
487 680 689 765 Bragmanos
726 680 996 745 consuetudinem
1035 682 1156 746 semina

143 769 297 834 mandare
333 768 442 833 telluri
484 790 543 834 nec
579 770 712 833 arbores
750 768 871 833 vitibus
909 768 1066 834 decorare
1102 791 1157 835 neo

139 858 314 942 'plantariis
337 859 488 923 arborum
516 857 604 922 nuda
626 859 745 921 vestire
769 878 959 942 camporum
987 880 1050 923 nec
1075 858 1156 922 aedi-

142 948 217 1012 ficia
235 948 370 1032 pulchra
389 947 593 1030 constituere,
615 946 731 1010 harum
749 967 857 1010 rerum
876 945 1057 1013 manifesta
1075 947 1155 1012 ratio

143 1041 201 1121 est,
225 1036 309 1120 quod
328 1035 406 1099 ferri
429 1035 596 1099 metallum
614 1035 707 1099 vobis
730 1034 914 1121 indignatio
934 1039 1076 1100 naturae
1095 1057 1156 1101 non

104 1148 130 1187 ιο
143 1125 306 1209 praebuit,
330 1146 393 1208 quo
418 1127 548 1206 cuncta,
572 1144 654 1207 quae
677 1122 932 1207 numeravimus,
956 1126 1155 1189 excoluntur.

143 1214 283 1278 Aliunde
307 1216 416 1277 autem
435 1233 599 1276 assumere
617 1213 840 1297 negotiatione
861 1212 988 1296 navigii
1010 1234 1080 1278 non
1103 1234 1154 1297 po·

142 1303 236 1366 testis
260 1305 357 1385 atque
376 1300 448 1365 ideo
467 1322 526 1364 vos
544 1322 675 1366 necesse
694 1305 745 1365 est
766 1301 875 1365 herbis
899 1300 1154 1386 palmitibusque

143 1390 294 1473 depastos
320 1390 420 1452 vitam
449 1388 637 1453 horribilem
665 1410 819 1473 pecorum
847 1410 937 1453 more
966 1391 1154 1476 transigere.

144 1478 211 1541 Aut
228 1499 294 1541 non
313 1477 399 1541 idem
417 1476 486 1560 lupi
504 1476 636 1556 faciunt,
658 1479 774 1561 quibus
793 1499 867 1543 cum
886 1499 1018 1542 carnem
1037 1478 1153 1563 praeda

103 1587 208 1629 1511011
231 1564 386 1650 suggerit,
408 1569 536 1630 terreno
560 1565 632 1630 cibo
655 1567 781 1631 rabiem
803 1565 901 1630 famis
925 1572 1090 1652 coguntur
1108 1589 1154 1631 ex·

142 1653 251 1740 plere?
290 1654 382 1730 Quod
405 1656 432 1718 si
455 1655 568 1719 liceret
586 1676 644 1719 vos
669 1655 703 1719 in
726 1659 856 1720 nostras
876 1655 1019 1740 migrare
1044 1660 1153 1734 terras,

142 1743 287 1828 profecto
316 1743 524 1828 philosophia
552 1747 679 1808 vestrae
707 1744 860 1827 penuriae
889 1744 1079 1810 nullatenus
1109 1766 1153 1808 rc·

143 1833 333 1916 quireretur‚
357 1832 411 1896 sed
435 1832 468 1895 in
492 1832 558 1896 suis
581 1832 710 1896 deserta
733 1833 853 1896 finibus
876 1832 1078 1916 inhaereret3
1102 1838 1154 1900 aut

143 1922 170 1985 si
198 1944 259 1986 nos
288 1924 322 1985 in
345 1925 468 1985 vestras
496 1920 587 1985 sedes
609 1921 749 1985 transire
777 1942 961 2005 possemus,
991 1923 1154 2006 sapientes

102 2033 128 2073 ac
142 2011 254 2095 inopes
281 2010 493 2074 redderemur.
540 2008 642 2084 Quem
670 2010 796 2073 exulem
823 2030 890 2073 non
918 2009 1032 2074 statim
1062 2010 1155 2076 comi·

141 2103 230 2164 tatur
250 2098 470 2164 continentia?
493 2119 574 2181 quae
595 2098 730 2163 eivenit
750 2120 788 2161 ex
808 2097 953 2180 arbitrio,
973 2097 1080 2163 virtus
1101 2102 1156 2182 est,

142 2189 169 2252 si
194 2210 233 2252 ex
257 2188 401 2271 imperio,
426 2208 537 2270 poena.
582 2186 671 2272 Ergo
695 2208 759 2251 non
783 2187 817 2250 in
840 2187 1003 2271 angustiis
1029 2191 1064 2254 et
1088 2208 1156 2274 ege

142 2279 236 2361 state,
259 2276 313 2340 sed
338 2278 372 2338 in
396 2276 563 2358 opulentia
581 2278 800 2360 temperanter
818 2275 938 2340 vixisse
956 2275 1156 2341 laudandum

142 2367 199 2427 est.
255 2363 412 2447 Alioquin
440 2365 577 2428 caecitas
606 2368 639 2428 et
665 2367 840 2449 paupertas
874 2364 964 2428 solae
996 2365 1156 2430 virtutum

102 2472 128 2513 as
142 2451 281 2536 gloriam
306 2452 498 2534 sortiuntur,
521 2453 585 2516 ista
609 2453 685 2537 quia
707 2474 773 2517 non
797 2453 905 2537 habet,
929 2474 994 2537 quo
1018 2453 1155 2537 fruatur,

142 2541 208 2621 illa,
233 2540 396 2624 quianon
421 2540 516 2622 videt,
540 2545 576 2604 ut
595 2541 713 2624 cupiat.
755 2540 962 2605 Feminarum
982 2542 1086 2627 igitur
1109 2564 1156 2608 ve·

231 2751 393 2820 lpoteritis
412 2751 447 2807 R.
485 2767 535 2805 nec
558 2751 649 2820 gloria
668 2751 699 2804 P.
733 2751 781 2804 sed
805 2750 896 2819 gloria
919 2751 996 2806 L.P.
1031 2753 1082 2808 sed
1106 2768 1154 2806 nec

142 2823 233 2892 gloria
251 2824 286 2876 B.
357 2829 449 2877 2non
467 2838 516 2876 om.
537 2821 572 2875 It.
646 2822 789 2876 3alfirmo
808 2822 843 2876 B.
917 2821 1025 2893 bNec]
1046 2839 1104 2877 non
1121 2822 1154 2878 R.

142 2895 308 2948 tmandere
328 2897 419 2948 terrae
439 2892 474 2948 R.
513 2893 677 2947 iarborum
696 2893 798 2947 11111.
824 2892 922 2946 vest-iri
940 2894 976 2948 B.
1016 2896 1154 2949 literram

141 2966 170 3018 et
188 2964 334 3018 metallum
355 2966 389 3019 B.
469 2968 500 3016 11
520 2963 626 3033 autem]
646 2964 720 3018 enim
740 2964 773 3016 L.
799 2961 995 3033 negotiatione
1014 2965 1154 3020 Birsama.

140 3035 361 3104 negotiationem
376 3035 452 3090 codd.
477 3033 608 3103 poteritis
622 3034 656 3088 It.
703 3040 735 3088 11
755 3033 835 3088 vobis
849 3034 884 3087 R.
924 3039 957 3088 13
976 3035 1105 3103 depastis
1119 3036 1152 3088 Β.

140 3123 218 3162 more
238 3123 288 3161 om.
308 3106 342 3161 L.
383 3111 415 3159 14
435 3122 497 3159 eum
516 3121 565 3160 oin.
585 3106 619 3158 L.
660 3110 691 3158 16
711 3121 760 3159 vos
780 3121 831 3159 om.
850 3105 884 3159 R.
912 3105 993 3159 vobis
1014 3107 1152 3162 Bissaeus.

142 3185 173 3232 11
193 3177 390 3247 philosophiae
408 3178 517 3230 vestrae
537 3176 653 3244 penuria
671 3176 707 3230 B.
750 3181 783 3230 19
803 3175 942 3245 sapientia
960 3175 996 3231 R.
1040 3177 1153 3232 10111·

140 3249 269 3302 daremus
289 3249 361 3302 PB.
392 3247 486 3318 quem]
506 3265 561 3315 quo
581 3248 613 3302 P.
650 3252 684 3300 11
703 3246 835 3317 imperio]
855 3248 973 3316 penuria
993 3247 1026 3303 P.
1056 3249 1085 3302 in
1105 3265 1151 3304 om.

141 3320 216 3376 PR.
282 3326 315 3374 13
336 3325 490 3388 temperate
509 3318 543 3372 It.
609 3318 793 3372 1410111111.
823 3320 912 3372 solam
932 3318 963 3372 L.
974 3318 1007 3373 P.
1037 3320 1101 3374 sola
1119 3319 1151 3374 B.

139 3397 173 3445 11
191 3391 247 3445 ista
264 3389 332 3460 quia
350 3396 396 3445 etc.
413 3390 448 3446 R.
477 3389 756 3444 ista-fruaturom.
772 3390 806 3443 L.
835 3389 887 3443 illa
906 3387 972 3456 quia
990 3405 1049 3443 non
1069 3391 1151 3458 videt,

139 3461 194 3515 ista
209 3463 275 3529 quia
290 3462 452 3528 nonhabet,
467 3463 499 3514 ut
514 3461 609 3530 cupiat
619 3460 654 3516 B.
683 3460 733 3513 illa
748 3461 883 3527 quianon
900 3459 986 3528 videt,
1002 3464 1035 3515 ut
1049 3461 1151 3531 cupiat,

128 3531 187 3586 ieta
206 3533 274 3601 quia
293 3533 461 3589 necessariis
480 3532 559 3588 vitae
578 3530 781 3586 sustentaculis
799 3533 878 3583 caret
893 3535 925 3582 1,
