2414 3826
131 147 199 214 200
252 146 430 203 EPISTOLA
446 145 663 202 ALEXANDRI
680 145 732 201 AD
750 144 1023 202 nmsrorutnn.

222 311 304 375 Tum
341 309 382 374 ad
413 309 530 374 horam
561 309 666 374 noctis
702 309 836 375 tertiam
872 309 1018 392 aliquam
1054 308 1146 373 nobis

133 399 337 483 sperantibus
372 399 515 483 requiem
553 398 705 462 binorum
736 401 968 481 terrorumque
1004 397 1146 480 capitum

133 487 261 552 cristati
288 490 454 571 serpentes
476 485 580 550 Indici
602 490 760 550 venerunt
783 486 1007 551 columnarum
1035 485 1147 550 crassi·

133 575 243 640 tudine
261 574 457 657 consimiles,
480 574 646 658 aliquanto
666 575 881 658 proceriores3
905 573 943 637 ad
967 574 1148 657 potandam

99 685 114 727 s
135 685 251 748 aquam
275 685 314 727 ex
333 662 448 727 vicinis
472 662 630 727 montium
650 663 812 746 speluncis
830 683 1019 747 processere
1038 662 1148 727 oribus

134 753 341 836 squamisque
369 751 436 815 suis
465 751 602 816 humum
629 754 822 834 atterentes,
853 772 990 834 quorum
1016 753 1149 834 pectora

133 844 249 923 erecta,
268 845 300 904 et
319 861 392 906 oum
405 839 550 924 trisulcis
563 839 684 925 linguis
698 839 807 904 fauces
826 839 1048 924 exsertabant,
1067 839 1149 904 sein·

133 928 318 994 tillantibus
342 927 444 993 oculis
464 949 598 1011 veneno,
622 949 759 1011 quorum
780 927 904 992 halitus
927 948 1058 1012 quoque
1081 930 1151 991 erat

134 1018 275 1102 pestifer.
312 1015 396 1083 Cum
418 1016 470 1080 his
494 1016 576 1080 hora
600 1017 740 1100 amplius
763 1038 830 1080 una
853 1015 1009 1081 debellati
1030 1037 1150 1098 sumus,

93 1129 120 1168 ιο
135 1107 326 1190 amissisque
353 1105 493 1190 triginta
522 1106 622 1169 servis
651 1108 685 1169 et
710 1105 828 1188 viginti
850 1103 1023 1169 militibus.
1071 1103 1149 1169 Ora·

134 1197 274 1280 bamque
294 1193 497 1277 Macedones,
519 1215 560 1257 ne
584 1193 728 1258 adversis
747 1194 875 1259 casibus
893 1192 1048 1258 cederent
1069 1213 1150 1257 neve

136 1284 309 1348 deficerent
338 1283 464 1365 animo,
494 1303 690 1366 quamquam
721 1285 754 1346 et
781 1283 926 1366 ipsorum
954 1285 1043 1346 esset
1071 1281 1151 1346 dura

135 1372 303 1456 patientia.
349 1369 470 1435 Omnes
499 1390 532 1433 se
561 1369 748 1435 officiebant
776 1371 875 1454 operi.
925 1368 1006 1436 Post
1035 1369 1150 1435 disces-

136 1481 209 1523 sum
232 1461 341 1522 autem
365 1457 563 1540 serpentium
587 1459 695 1524 cancri
718 1459 909 1524 immodicae
930 1458 1150 1523 multitudinis

96 1568 122 1607 15
134 1551 293 1612 venerunt
325 1545 573 1611 crocodillorum
606 1547 744 1630 pellibus
778 1547 919 1612 contecti
956 1546 997 1611 ad
1034 1550 1149 1612 castra.

137 1635 225 1711 Quae
257 1634 407 1718 prodigia
438 1634 559 1699 duritia
593 1635 748 1700 thoracas
785 1636 906 1700 sermm
943 1636 1149 1719 respuebant

137 1723 242 1788 Multa
264 1722 396 1808 ignibus
419 1726 508 1806 usta,
532 1724 635 1788 multa
659 1726 750 1789 sein
774 1729 925 1810 stagnum
948 1726 1150 1807 receperunt

225 1812 295 1877 lam
317 1834 379 1877 nos
403 1812 526 1898 vigiliis
549 1813 712 1897 inquietos
732 1814 846 1897 quinta
864 1812 971 1877 noctis
995 1811 1079 1877 hora
1097 1811 1150 1876 bu·

136 1901 211 1968 cina
229 1901 384 1967 monebat
403 1900 444 1965 ad
463 1901 701 1985 quiescendum.
734 1898 795 1966 Sed
817 1901 936 1966 affuere
955 1901 1022 1966 albi
1042 1901 1150 1965 leones

95 2011 123 2051 ro
136 1995 304 2056 taurorum
318 1989 527 2074 comparandi
543 1989 742 2075 corporibus,
762 1989 818 2073 qui
836 2011 908 2053 eum
922 1989 1053 2073 ingenti
1068 2010 1149 2052 mur

138 2103 238 2164 mure,
262 2079 425 2144 concussis
445 2077 633 2163 cervicibus,
657 2077 819 2142 stantibus
839 2078 904 2142 alte
921 2077 1008 2142 iubis
1031 2077 1068 2140 in
1085 2099 1152 2142 mo·

138 2168 215 2233 dum
245 2168 418 2232 fulminum
448 2167 482 2231 in
512 2188 572 2231 nos
602 2167 760 2252 impetum
790 2165 931 2247 faciunt,
962 2167 1152 2250 exceptique

138 2260 238 2321 ruunt
260 2255 437 2321 venabulis.
483 2254 608 2321 Tantus
632 2256 819 2339 repentinus
844 2253 1009 2319 oriebatur
1032 2253 1151 2319 tumul-

138 2347 192 2407 tus
216 2343 400 2407 cumulante
426 2364 521 2408 caeoa
543 2347 648 2410 nocte.
689 2343 758 2408 Nec
781 2343 888 2407 minus
912 2343 984 2427 apri
1007 2342 1152 2428 ingentis

99 2450 126 2491 as
141 2431 265 2496 formae
296 2432 400 2494 acutis
431 2430 580 2496 dentibus
607 2431 710 2497 veluti
737 2431 823 2497 vallo
851 2431 1061 2496 horrentibus
1091 2453 1153 2495 me

138 2518 261 2603 tuendi,
279 2519 373 2583 mixti
392 2520 564 2584 maculosis
579 2520 728 2603 lyncibus
742 2520 979 2605 tigridibusque
998 2525 1032 2584 et
1050 2519 1153 2584 horri-

138 2607 260 2673 bilibus
284 2607 451 2692 pantheris
480 2609 661 2674 miscebant
683 2609 822 2692 proelia,
850 2608 940 2672 nulla
967 2607 1034 2672 iam
1063 2612 1154 2693 peste

231 2806 244 2853 1
272 2799 343 2854 'lum
372 2802 403 2856 V.
437 2800 505 2856 (tum
533 2805 581 2856 cet.
653 2805 670 2854 2
699 2798 876 2869 sperantibus
904 2799 1009 2854 habere
1038 2799 1113 2855 GH.
1121 2800 1154 2855 P.

139 2873 314 2926 3venerunt
331 2887 381 2926 om.
401 2873 439 2925 H.
490 2869 563 2924 4ad
581 2870 737 2940 potandum
756 2870 874 2927 ΕΒΗ.
922 2873 987 2925 uer
1006 2886 1056 2926 om.
1077 2870 1153 2926 HV.

141 2941 292 2997 exerebant
310 2942 350 2996 H.
376 2941 650 3010 scintillantibusque
669 2941 708 2996 H.
747 2948 762 2996 9
781 2957 838 2995 non
857 2940 977 3011 amplius
991 2941 1031 2996 H.
1062 2941 1155 2997 debel-

140 3013 260 3067 lavimus
279 3013 319 3068 H.
394 3020 426 3067 12
446 3013 540 3067 animo
559 3029 609 3068 om.
624 3013 663 3069 H.
698 3011 767 3067 dura
786 3015 830 3067 est
847 3012 886 3066 H.
961 3017 993 3065 13
1014 3029 1155 3066 omnes-

141 3084 232 3154 operi]
244 3084 347 3153 quippe
357 3082 405 3150 qui
415 3083 502 3138 talem
510 3084 667 3138 sustinuere
676 3084 802 3138 laborem
811 3082 842 3138 V.
866 3081 1041 3155 officiebant]
1052 3083 1155 3138 afficie-

140 3156 210 3208 bant
224 3154 263 3209 H.
290 3153 445 3208 offerebant
459 3154 492 3208 P.
523 3156 589 3222 post
607 3157 749 3223 serpentes
769 3154 863 3208 cancri
877 3154 916 3208 H.
956 3159 989 3208 16
1008 3153 1155 3224 thoracas]

141 3225 266 3280 thoracis
282 3224 312 3279 0.
320 3225 353 3278 P.
381 3225 448 3279 corii
462 3224 492 3280 V.
532 3230 564 3279 17
584 3226 876 3295 multa—receperunt
895 3241 945 3279 om.
966 3223 1006 3279 H.
1044 3230 1079 3279 20
1099 3241 1156 3278 cor-

141 3296 269 3365 poribus]
289 3294 530 3364 magnitudinibus
549 3296 588 3350 H.
622 3296 670 3363 qui
689 3312 738 3350 om.
759 3316 788 3349 ω.
866 3301 899 3349 21
919 3294 1059 3350 stantibus
1080 3294 1156 3350 V.H.

141 3368 248 3421 stantes
272 3371 318 3421 cet.
391 3372 425 3420 25
449 3366 539 3420 acutis
565 3366 694 3420 dentibus
718 3367 825 3433 scripsi.
858 3365 942 3419 iactis
968 3366 1100 3420 dentibus
1126 3365 1154 3420 0.

143 3437 272 3490 dentibus
292 3453 342 3492 om.
357 3442 404 3493 eet.
434 3437 498 3491 iotis
513 3436 637 3493 ΗΘΜ.
666 3436 740 3490 ictus
753 3437 789 3490 B.
818 3436 920 3490 ictibus
935 3436 967 3490 V.
1005 3441 1039 3490 27
1059 3436 1156 3491 misce·

139 3506 209 3561 bant
224 3507 264 3562 H.
294 3507 487 3564 miscebantur
507 3513 553 3565 cat.
591 3505 663 3562 nulli
679 3506 737 3560 iam
753 3510 833 3575 peste
851 3506 1043 3574 comparanda
1059 3507 1098 3561 H.
