2414 3826
428 175 558 233 OBITUS
577 176 799 232 ALEXANDRI.
1056 177 1118 240 121

108 368 161 411 eos
185 342 350 409 numerari
373 363 438 406 non
463 345 623 426 oportere,
646 341 799 426 quoniam
823 341 888 405 iam
913 362 983 406 esse
1006 341 1119 406 desiis-

108 439 190 516 sent,
213 433 331 518 quippe
354 432 461 515 plures
481 431 687 515 pronuntiari
710 434 858 514 oportere
882 451 946 509 eos,
971 452 1051 514 quos
1075 431 1120 495 vi·

109 525 195 604 deas,
219 544 316 606 quam
340 520 415 584 illos
440 520 573 596 scilieet,
597 541 677 603 quos
700 540 804 603 neque
828 519 910 585 oculi
935 520 995 585 ulli
1017 540 1120 604 neque

108 613 194 677 ratio
218 611 432 695 conspicetur.
467 608 550 673 Post
572 608 697 691 quaerit
720 629 759 672 ex
783 609 857 692 alie,
880 613 1030 673 utrumne
1053 609 1121 673 vita

107 701 225 766 fortior
249 722 290 763 an
313 719 390 764 vero
415 699 457 762 sit
481 720 578 763 mors.
619 695 732 762 Vitam
756 719 826 762 esse
846 718 1040 783 responsum
1063 700 1121 780 est,
1141 717 1154 758 s

109 789 196 873 quod
216 789 295 852 solis
315 808 441 871 quoque
460 786 638 851 ferventior
657 786 790 850 orientis
805 786 907 870 vigor,
926 786 1123 852 marcentior

108 900 186 950 vero
209 877 370 942 viseretur
392 875 557 959 occiduus,
585 878 756 958 ortumque
779 875 921 941 hominis
945 897 1029 957 esse,
1057 898 1122 960 quo

108 967 242 1049 vivitur,
270 970 459 1048 contraque,
487 986 550 1048 quo
574 964 702 1048 frigeat
746 962 791 1027 Et
817 963 850 1027 id
879 963 985 1047 addit,
1013 967 1123 1029 utrum

110 1076 199 1120 mare
222 1053 398 1138 spatiosius
422 1075 505 1117 anne
528 1057 624 1118 terra.
666 1051 800 1118 Terram
823 1074 894 1119 esse
917 1053 1121 1137 respondent,
1141 1075 1155 1114 e

109 1145 200 1210 cuius
229 1165 317 1207 mare
345 1142 468 1226 gremio
491 1145 665 1207 teneretur.
711 1141 902 1208 Sciscitatur
931 1142 963 1207 id
987 1162 1123 1227 quoque,
1139 1153 1187 1204 19.

111 1253 271 1316 quaenam
303 1231 447 1297 omnium
478 1231 584 1296 bestia
618 1230 763 1297 callidior
798 1234 831 1296 et
867 1231 1014 1296 astutior.
1060 1230 1123 1295 Hic

109 1342 187 1387 vero
218 1342 290 1385 cum
318 1319 385 1384 risu
414 1319 579 1385 hominem
607 1342 677 1386 esse
700 1320 911 1404 pronuntiant
938 1321 1126 1406 adduntque

110 1410 272 1474 rationem
296 1409 334 1473 de
362 1409 508 1491 exemplo
538 1409 602 1493 sui,
630 1410 685 1492 qui
713 1410 802 1475 solus
830 1413 881 1475 tot
908 1409 1125 1475 animantium

111 1499 203 1563 milia
225 1497 405 1580 interisset,
428 1500 466 1562 ut
493 1497 532 1562 ad
556 1498 776 1582 persequenda
799 1521 851 1582 ea,
875 1520 955 1582 quae
979 1499 1052 1564 aliis
1076 1519 1124 1563 es·

112 1591 198 1670 sent,
226 1586 364 1670 praedae
392 1586 571 1670 cupiditate
598 1587 792 1653 laborarent.
837 1586 912 1653 Non
939 1588 990 1653 his
1019 1592 1056 1653 ut
1083 1586 1124 1652 ad
1138 1609 1165 1650 15

112 1676 342 1742 contumeliam
370 1674 465 1740 dictis
489 1675 674 1740 Alexander
703 1675 903 1742 movebatur.
947 1676 1123 1741 Enimvero

112 1764 214 1847 addit,
242 1763 318 1848 quid
341 1763 513 1846 imperium
542 1764 604 1828 sibi
627 1765 798 1829 videretur.
845 1765 890 1828 At
922 1765 973 1829 illi
1001 1765 1125 1831 fraudis

112 1853 295 1937 potentiam
323 1874 393 1918 esse
420 1852 618 1936 respondent
645 1853 789 1917 adiutam
818 1853 976 1937 temporis
998 1853 1124 1919 blandi·

112 1945 223 2007 mento
250 1943 318 2023 vel,
346 1945 374 2005 si
400 1941 448 2006 ita
475 1941 625 2023 mavelit,
652 1942 774 2005 iniusta
802 1942 946 2006 audacia.
992 1941 1126 2016 Quaerit

112 2031 227 2116 etiam,
261 2033 411 2095 utrumne
442 2029 510 2095 dies
550 2051 592 2094 an
621 2051 697 2094 vero
732 2051 797 2094 nox
827 2030 918 2112 prius
949 2030 1168 2094 constitutore

112 2123 291 2204 putaretur.
330 2118 486 2202 Nihilque
511 2120 698 2183 cunctantes
722 2120 852 2183 noctem
877 2117 986 2202 priore
1015 2118 1125 2182 ordine

112 2230 263 2292 posuere,
292 2229 364 2272 oum
393 2208 504 2272 omnia
532 2229 658 2292 quoque
686 2209 844 2290 concepta
866 2206 994 2272 vivendi
1018 2207 1125 2290 auspi·

113 2297 198 2361 cium
226 2297 262 2361 in
289 2296 433 2361 tenebris
462 2297 655 2379 sortiantur,
682 2299 758 2380 post
780 2317 855 2362 vero
878 2297 960 2361 nata'
985 2298 1020 2360 in
1043 2297 1125 2361 lucis

114 2387 222 2469 spatia
244 2386 527 2471 transmigrarent.
1140 2408 1166 2447 a

206 2472 262 2540 la.
299 2473 412 2558 Pergit
448 2473 585 2558 denique
619 2473 794 2552 sciscitari,
831 2476 960 2540 cuinam
997 2475 1126 2540 mentiri
1144 2484 1192 2537 20.

112 2563 278 2628 hominem
305 2584 372 2627 non
398 2565 570 2646 oporteret.
616 2562 821 2647 Responsum
849 2567 913 2647 est,
941 2564 1014 2646 deo,
1040 2564 1126 2647 quod

114 2652 226 2717 omnia
248 2651 361 2716 videns
389 2652 444 2716 ille
471 2652 515 2716 sit
544 2654 641 2735 atque
665 2652 810 2717 omnium
834 2653 946 2716 sciens.
993 2650 1128 2727 Quaerit

114 2742 227 2823 etiam,
257 2761 414 2825 quasnam
444 2741 478 2804 in
507 2740 637 2806 homine
666 2743 774 2823 partes
803 2739 1029 2805 honoratiores
1057 2761 1127 2804 esse

205 2920 219 2968 1
242 2914 331 2970 Verba
355 2916 502 2984 ‘oportere
516 2944 549 2954 -
564 2910 759 2982 pronuntiari'
784 2928 835 2969 om.
859 2915 895 2968 A.
936 2913 1067 2980 quoniam
1091 2914 1128 2968 Β.

113 2986 252 3067 ᾳιιυωΡ.
280 2985 410 3039 desinant
426 2985 485 3068 Β..
546 2982 656 3039 coculi
674 2982 719 3037 illi
738 2985 771 3038 P.
859 2985 1073 3068 {conspicetur
1093 2985 1128 3038 P.

113 3055 707 3183 ttttlttlt'tvidtpffifltlvtaa’⁶
717 3055 846 3198 tjttt
861 3055 1129 3196 uentu

114 3204 130 3253 9
150 3197 301 3269 spatiosius
320 3197 417 3253 ouaB.
464 3202 497 3252 1ο
516 3213 593 3252 mare
611 3213 661 3253 orn.
671 3197 707 3253 Β.
731 3197 761 3252 id
780 3213 892 3266 quoque
901 3198 937 3253 A.
961 3196 1081 3266 denique
1093 3197 1128 3256 P.

115 3275 148 3324 11
168 3287 291 3338 quonam
308 3270 344 3325 Β.
378 3269 499 3323 bestiam
517 3267 554 3322 Β.
586 3267 640 3322 Hic
658 3271 694 3322 A.
722 3268 813 3324 Huius
830 3269 864 3323 Ρ.
948 3274 982 3322 14
1000 3285 1017 3322 a
1034 3285 1129 3337 perse·

115 3342 227 3409 quenda
254 3342 287 3396 P.
366 3345 398 3395 17
418 3355 468 3408 per
493 3340 641 3408 imperium
665 3339 743 3395 AB.
824 3345 857 3394 18
875 3338 1002 3394 adiutam
1027 3340 1060 3394 Ρ.
1093 3339 1130 3393 ad

115 3414 204 3467 vitam
218 3412 254 3467 A.
293 3417 326 3465 19
344 3410 478 3465 iniustam
496 3409 642 3465 audaciam
656 3410 690 3464 P.
732 3416 765 3464 21
786 3409 931 3466 cunctanti
945 3411 981 3466 Β.
1018 3416 1053 3465 23
1073 3427 1130 3464 sot-

113 3482 222 3539 tientm
237 3515 270 3524 -
284 3485 353 3538 nata
370 3499 421 3538 om.
440 3481 475 3538 Β.

197 3554 243 3608 12.
277 3560 312 3608 2⁶
331 3554 479 3612 sciscitare
497 3553 535 3611 B.
