<?xml version="1.0" encoding="UTF-8"?>
<!DOCTYPE html PUBLIC "-//W3C//DTD XHTML 1.0 Transitional//EN"
    "http://www.w3.org/TR/xhtml1/DTD/xhtml1-transitional.dtd">
<html xmlns="http://www.w3.org/1999/xhtml" xml:lang="en" lang="en">
 <head>
  <title>
</title>
<meta http-equiv="Content-Type" content="text/html;charset=utf-8" />
  <meta name='ocr-system' content='tesseract 3.04.00' />
  <meta name='ocr-capabilities' content='ocr_page ocr_carea ocr_par ocr_line ocrx_word'/>
</head>
<body>
  <div class='ocr_page' id='page_1' title='image "./iulivalerialexa00valegoog_0193.png"; bbox 0 0 2414 3826; ppageno 0'>
   <div class='ocr_carea' id='block_1_1' title="bbox 95 112 685 178">
    <p class='ocr_par' dir='ltr' id='par_1_1' title="bbox 95 112 685 178">
     <span class='ocr_line' id='line_1_1' title="bbox 95 112 685 178; baseline 0.005 -14"><span class='ocrx_word' id='word_1_1' title='bbox 95 114 159 178; x_wconf 80' lang='lat'>156</span> <span class='ocrx_word' id='word_1_2' title='bbox 198 156 203 165; x_wconf 93' lang='lat'>.</span> <span class='ocrx_word' id='word_1_3' title='bbox 511 112 685 168; x_wconf 80' lang='lat' dir='ltr'>nissam.</span> 
     </span>
    </p>
   </div>
   <div class='ocr_carea' id='block_1_2' title="bbox 51 273 1156 2490">
    <p class='ocr_par' dir='ltr' id='par_1_2' title="bbox 51 273 1156 2490">
     <span class='ocr_line' id='line_1_2' title="bbox 93 273 1107 360; baseline -0.001 -19"><span class='ocrx_word' id='word_1_4' title='bbox 93 278 307 360; x_wconf 75' lang='lat' dir='ltr'><strong>transierant,</strong></span> <span class='ocrx_word' id='word_1_5' title='bbox 337 275 495 360; x_wconf 92' lang='lat' dir='ltr'>comperit</span> <span class='ocrx_word' id='word_1_6' title='bbox 519 276 639 340; x_wconf 87' lang='lat' dir='ltr'>ibidem</span> <span class='ocrx_word' id='word_1_7' title='bbox 669 297 766 360; x_wconf 91' lang='lat' dir='ltr'>super</span> <span class='ocrx_word' id='word_1_8' title='bbox 788 273 1016 358; x_wconf 88' lang='lat' dir='ltr'>magnitudine</span> <span class='ocrx_word' id='word_1_9' title='bbox 1040 275 1107 340; x_wconf 88' lang='lat' dir='ltr'>eius</span> 
     </span>
     <span class='ocr_line' id='line_1_3' title="bbox 93 363 1107 450; baseline 0 -21"><span class='ocrx_word' id='word_1_10' title='bbox 93 366 203 450; x_wconf 88' lang='lat' dir='ltr'>gentis</span> <span class='ocrx_word' id='word_1_11' title='bbox 241 387 278 429; x_wconf 91' lang='lat' dir='ltr'>ac</span> <span class='ocrx_word' id='word_1_12' title='bbox 314 366 403 449; x_wconf 92' lang='lat' dir='ltr'>regis</span> <span class='ocrx_word' id='word_1_13' title='bbox 440 366 602 448; x_wconf 86' lang='lat' dir='ltr'>potentia,</span> <span class='ocrx_word' id='word_1_14' title='bbox 640 365 695 449; x_wconf 90' lang='lat' dir='ltr'>qui</span> <span class='ocrx_word' id='word_1_15' title='bbox 727 363 900 428; x_wconf 85' lang='lat' dir='ltr'>Prasiacac</span> <span class='ocrx_word' id='word_1_16' title='bbox 938 364 1107 446; x_wconf 90' lang='lat' dir='ltr'>potiretur.</span> 
     </span>
     <span class='ocr_line' id='line_1_4' title="bbox 94 452 1108 538; baseline 0 -21"><span class='ocrx_word' id='word_1_17' title='bbox 94 452 219 537; x_wconf 82' lang='lat' dir='ltr'>Quippe</span> <span class='ocrx_word' id='word_1_18' title='bbox 247 455 310 518; x_wconf 90' lang='lat' dir='ltr'>ista</span> <span class='ocrx_word' id='word_1_19' title='bbox 339 453 493 518; x_wconf 90' lang='lat' dir='ltr'>Prasiaca</span> <span class='ocrx_word' id='word_1_20' title='bbox 520 458 655 538; x_wconf 89' lang='lat' dir='ltr'>propter</span> <span class='ocrx_word' id='word_1_21' title='bbox 683 475 838 518; x_wconf 90' lang='lat' dir='ltr'>oceanum</span> <span class='ocrx_word' id='word_1_22' title='bbox 868 453 944 534; x_wconf 88' lang='lat' dir='ltr'>sita,</span> <span class='ocrx_word' id='word_1_23' title='bbox 977 474 1042 536; x_wconf 90' lang='lat' dir='ltr'>quo</span> <span class='ocrx_word' id='word_1_24' title='bbox 1071 452 1108 517; x_wconf 90' lang='lat' dir='ltr'>de</span> 
     </span>
     <span class='ocr_line' id='line_1_5' title="bbox 92 541 1108 625; baseline 0.002 -20"><span class='ocrx_word' id='word_1_25' title='bbox 92 543 218 625; x_wconf 90' lang='lat' dir='ltr'>reliqua</span> <span class='ocrx_word' id='word_1_26' title='bbox 232 543 401 606; x_wconf 91' lang='lat' dir='ltr'>hominum</span> <span class='ocrx_word' id='word_1_27' title='bbox 421 543 518 607; x_wconf 87' lang='lat' dir='ltr'>turba</span> <span class='ocrx_word' id='word_1_28' title='bbox 538 543 701 624; x_wconf 78' lang='lat' dir='ltr'>semotior,</span> <span class='ocrx_word' id='word_1_29' title='bbox 720 543 782 606; x_wconf 91' lang='lat' dir='ltr'>hoc</span> <span class='ocrx_word' id='word_1_30' title='bbox 802 543 842 606; x_wconf 92' lang='lat' dir='ltr'>ad</span> <span class='ocrx_word' id='word_1_31' title='bbox 861 541 1108 607; x_wconf 75' lang='lat' dir='ltr'>multitudinem</span> 
     </span>
     <span class='ocr_line' id='line_1_6' title="bbox 67 629 1109 716; baseline 0.003 -24"><span class='ocrx_word' id='word_1_32' title='bbox 67 652 221 716; x_wconf 74' lang='lat' dir='ltr'>equoque</span> <span class='ocrx_word' id='word_1_33' title='bbox 249 632 373 715; x_wconf 88' lang='lat' dir='ltr'>largius</span> <span class='ocrx_word' id='word_1_34' title='bbox 401 632 491 696; x_wconf 86' lang='lat' dir='ltr'>vivit.</span> <span class='ocrx_word' id='word_1_35' title='bbox 536 631 687 695; x_wconf 75' lang='lat' dir='ltr'>Addebat</span> <span class='ocrx_word' id='word_1_36' title='bbox 713 635 824 695; x_wconf 91' lang='lat' dir='ltr'>tamen</span> <span class='ocrx_word' id='word_1_37' title='bbox 850 629 940 694; x_wconf 81' lang='lat' dir='ltr'>fama</span> <span class='ocrx_word' id='word_1_38' title='bbox 968 634 1020 694; x_wconf 88' lang='lat' dir='ltr'>tot</span> <span class='ocrx_word' id='word_1_39' title='bbox 1048 632 1109 695; x_wconf 93' lang='lat' dir='ltr'>ele·</span> 
     </span>
     <span class='ocr_line' id='line_1_7' title="bbox 94 719 1109 805; baseline 0.001 -22"><span class='ocrx_word' id='word_1_40' title='bbox 94 720 290 802; x_wconf 90' lang='lat' dir='ltr'>phantorum</span> <span class='ocrx_word' id='word_1_41' title='bbox 324 720 422 784; x_wconf 86' lang='lat' dir='ltr'>etiam</span> <span class='ocrx_word' id='word_1_42' title='bbox 455 721 547 784; x_wconf 91' lang='lat' dir='ltr'>milia</span> <span class='ocrx_word' id='word_1_43' title='bbox 577 741 649 784; x_wconf 88' lang='lat' dir='ltr'>esse</span> <span class='ocrx_word' id='word_1_44' title='bbox 678 720 765 805; x_wconf 89' lang='lat' dir='ltr'>regi,</span> <span class='ocrx_word' id='word_1_45' title='bbox 798 722 877 804; x_wconf 90' lang='lat' dir='ltr'>quot</span> <span class='ocrx_word' id='word_1_46' title='bbox 909 719 996 801; x_wconf 88' lang='lat' dir='ltr'>apud</span> <span class='ocrx_word' id='word_1_47' title='bbox 1027 719 1109 786; x_wconf 90' lang='lat' dir='ltr'>alios</span> 
     </span>
     <span class='ocr_line' id='line_1_8' title="bbox 94 807 1110 893; baseline 0.001 -21"><span class='ocrx_word' id='word_1_48' title='bbox 94 810 283 893; x_wconf 91' lang='lat' dir='ltr'>plerumque</span> <span class='ocrx_word' id='word_1_49' title='bbox 321 831 417 893; x_wconf 85' lang='lat' dir='ltr'>super</span> <span class='ocrx_word' id='word_1_50' title='bbox 450 809 636 874; x_wconf 92' lang='lat' dir='ltr'>hominibus</span> <span class='ocrx_word' id='word_1_51' title='bbox 668 809 854 872; x_wconf 90' lang='lat' dir='ltr'>mentiatur.</span> <span class='ocrx_word' id='word_1_52' title='bbox 909 807 971 871; x_wconf 90' lang='lat' dir='ltr'>His</span> <span class='ocrx_word' id='word_1_53' title='bbox 1007 807 1110 893; x_wconf 88' lang='lat' dir='ltr'>igitur</span> 
     </span>
     <span class='ocr_line' id='line_1_9' title="bbox 94 896 1108 980; baseline -0.001 -17"><span class='ocrx_word' id='word_1_54' title='bbox 94 898 269 980; x_wconf 84' lang='lat' dir='ltr'>compertis</span> <span class='ocrx_word' id='word_1_55' title='bbox 289 898 473 963; x_wconf 79' lang='lat' dir='ltr'>Alexander</span> <span class='ocrx_word' id='word_1_56' title='bbox 494 898 630 961; x_wconf 91' lang='lat' dir='ltr'>limitem</span> <span class='ocrx_word' id='word_1_57' title='bbox 654 896 877 961; x_wconf 89' lang='lat' dir='ltr'>huiuscemodi</span> <span class='ocrx_word' id='word_1_58' title='bbox 900 896 963 960; x_wconf 92' lang='lat' dir='ltr'>loci</span> <span class='ocrx_word' id='word_1_59' title='bbox 987 896 1108 962; x_wconf 92' lang='lat' dir='ltr'>sensim</span> 
     </span>
     <span class='ocr_line' id='line_1_10' title="bbox 93 984 1108 1071; baseline 0 -21"><span class='ocrx_word' id='word_1_60' title='bbox 93 987 204 1071; x_wconf 89' lang='lat' dir='ltr'>legens</span> <span class='ocrx_word' id='word_1_61' title='bbox 233 988 383 1052; x_wconf 88' lang='lat' dir='ltr'>civitates</span> <span class='ocrx_word' id='word_1_62' title='bbox 412 987 480 1051; x_wconf 90' lang='lat' dir='ltr'>eius</span> <span class='ocrx_word' id='word_1_63' title='bbox 508 986 661 1051; x_wconf 85' lang='lat' dir='ltr'>invadere</span> <span class='ocrx_word' id='word_1_64' title='bbox 690 1008 728 1051; x_wconf 90' lang='lat' dir='ltr'>ac</span> <span class='ocrx_word' id='word_1_65' title='bbox 752 984 872 1049; x_wconf 91' lang='lat' dir='ltr'>dicioni</span> <span class='ocrx_word' id='word_1_66' title='bbox 895 1007 973 1049; x_wconf 86' lang='lat' dir='ltr'>suae</span> <span class='ocrx_word' id='word_1_67' title='bbox 997 985 1108 1050; x_wconf 88' lang='lat' dir='ltr'>vendi·</span> 
     </span>
     <span class='ocr_line' id='line_1_11' title="bbox 53 1073 1108 1161; baseline 0.005 -26"><span class='ocrx_word' id='word_1_68' title='bbox 53 1097 79 1136; x_wconf 89' lang='lat'>10</span> <span class='ocrx_word' id='word_1_69' title='bbox 93 1097 165 1141; x_wconf 89' lang='lat' dir='ltr'>care</span> <span class='ocrx_word' id='word_1_70' title='bbox 188 1098 254 1140; x_wconf 93' lang='lat' dir='ltr'>non</span> <span class='ocrx_word' id='word_1_71' title='bbox 272 1076 412 1161; x_wconf 81' lang='lat' dir='ltr'>negligit</span> <span class='ocrx_word' id='word_1_72' title='bbox 434 1080 466 1139; x_wconf 90' lang='lat' dir='ltr'>et</span> <span class='ocrx_word' id='word_1_73' title='bbox 490 1075 649 1139; x_wconf 91' lang='lat' dir='ltr'>sacrificia</span> <span class='ocrx_word' id='word_1_74' title='bbox 668 1073 730 1138; x_wconf 90' lang='lat' dir='ltr'>diis</span> <span class='ocrx_word' id='word_1_75' title='bbox 754 1073 996 1138; x_wconf 82' lang='lat' dir='ltr'>immortalibus</span> <span class='ocrx_word' id='word_1_76' title='bbox 1019 1073 1108 1140; x_wconf 89' lang='lat' dir='ltr'>facit.</span> 
     </span>
     <span class='ocr_line' id='line_1_12' title="bbox 182 1162 1156 1247; baseline -0.005 -20"><span class='ocrx_word' id='word_1_77' title='bbox 182 1162 241 1229; x_wconf 82' lang='lat'>48.</span> <span class='ocrx_word' id='word_1_78' title='bbox 267 1163 355 1239; x_wconf 87' lang='lat' dir='ltr'>Quae</span> <span class='ocrx_word' id='word_1_79' title='bbox 380 1186 452 1228; x_wconf 90' lang='lat' dir='ltr'>cum</span> <span class='ocrx_word' id='word_1_80' title='bbox 477 1163 616 1227; x_wconf 85' lang='lat' dir='ltr'>maxime</span> <span class='ocrx_word' id='word_1_81' title='bbox 639 1168 895 1247; x_wconf 88' lang='lat' dir='ltr'>persequeretur,</span> <span class='ocrx_word' id='word_1_82' title='bbox 919 1163 960 1227; x_wconf 91' lang='lat' dir='ltr'>ab</span> <span class='ocrx_word' id='word_1_83' title='bbox 984 1163 1107 1229; x_wconf 86' lang='lat' dir='ltr'>Aristo·</span> <span class='ocrx_word' id='word_1_84' title='bbox 1123 1172 1156 1225; x_wconf 79' lang='lat'>79.</span> 
     </span>
     <span class='ocr_line' id='line_1_13' title="bbox 92 1250 1109 1336; baseline 0.002 -21"><span class='ocrx_word' id='word_1_85' title='bbox 92 1253 157 1316; x_wconf 84' lang='lat' dir='ltr'>tale</span> <span class='ocrx_word' id='word_1_86' title='bbox 182 1253 355 1336; x_wconf 89' lang='lat' dir='ltr'>epistolam</span> <span class='ocrx_word' id='word_1_87' title='bbox 379 1252 479 1316; x_wconf 87' lang='lat' dir='ltr'>sumit</span> <span class='ocrx_word' id='word_1_88' title='bbox 502 1252 658 1336; x_wconf 84' lang='lat' dir='ltr'>scriptam</span> <span class='ocrx_word' id='word_1_89' title='bbox 681 1252 716 1315; x_wconf 91' lang='lat' dir='ltr'>in</span> <span class='ocrx_word' id='word_1_90' title='bbox 737 1251 824 1316; x_wconf 90' lang='lat' dir='ltr'>hunc</span> <span class='ocrx_word' id='word_1_91' title='bbox 847 1251 990 1317; x_wconf 91' lang='lat' dir='ltr'>modum.</span> <span class='ocrx_word' id='word_1_92' title='bbox 1035 1250 1109 1317; x_wconf 72' lang='lat' dir='ltr'>‘Per</span> 
     </span>
     <span class='ocr_line' id='line_1_14' title="bbox 92 1340 1108 1425; baseline 0.003 -22"><span class='ocrx_word' id='word_1_93' title='bbox 92 1340 173 1403; x_wconf 91' lang='lat' dir='ltr'>mihi</span> <span class='ocrx_word' id='word_1_94' title='bbox 204 1341 336 1405; x_wconf 84' lang='lat' dir='ltr'>difficile</span> <span class='ocrx_word' id='word_1_95' title='bbox 365 1344 416 1404; x_wconf 88' lang='lat' dir='ltr'>est</span> <span class='ocrx_word' id='word_1_96' title='bbox 443 1341 561 1425; x_wconf 81' lang='lat' dir='ltr'>eligere</span> <span class='ocrx_word' id='word_1_97' title='bbox 586 1341 637 1405; x_wconf 82' lang='lat' dir='ltr'>vel</span> <span class='ocrx_word' id='word_1_98' title='bbox 665 1340 811 1424; x_wconf 91' lang='lat' dir='ltr'>laudare,</span> <span class='ocrx_word' id='word_1_99' title='bbox 839 1340 1025 1404; x_wconf 84' lang='lat' dir='ltr'>Alexander</span> <span class='ocrx_word' id='word_1_100' title='bbox 1054 1342 1108 1424; x_wconf 88' lang='lat' dir='ltr'>mi,</span> 
     </span>
     <span class='ocr_line' id='line_1_15' title="bbox 93 1428 1108 1514; baseline 0.004 -23"><span class='ocrx_word' id='word_1_101' title='bbox 93 1451 131 1491; x_wconf 91' lang='lat' dir='ltr'>ex</span> <span class='ocrx_word' id='word_1_102' title='bbox 164 1428 253 1494; x_wconf 91' lang='lat' dir='ltr'>hisce</span> <span class='ocrx_word' id='word_1_103' title='bbox 287 1429 438 1494; x_wconf 85' lang='lat' dir='ltr'>omnibus</span> <span class='ocrx_word' id='word_1_104' title='bbox 472 1429 610 1514; x_wconf 92' lang='lat' dir='ltr'>aliquid,</span> <span class='ocrx_word' id='word_1_105' title='bbox 645 1451 727 1513; x_wconf 93' lang='lat' dir='ltr'>quae</span> <span class='ocrx_word' id='word_1_106' title='bbox 759 1433 792 1493; x_wconf 92' lang='lat' dir='ltr'>te</span> <span class='ocrx_word' id='word_1_107' title='bbox 825 1429 858 1493; x_wconf 93' lang='lat' dir='ltr'>in</span> <span class='ocrx_word' id='word_1_108' title='bbox 890 1430 954 1494; x_wconf 89' lang='lat' dir='ltr'>ista</span> <span class='ocrx_word' id='word_1_109' title='bbox 988 1429 1108 1495; x_wconf 86' lang='lat' dir='ltr'>militia</span> 
     </span>
     <span class='ocr_line' id='line_1_16' title="bbox 52 1517 1107 1603; baseline 0.007 -26"><span class='ocrx_word' id='word_1_110' title='bbox 52 1537 78 1577; x_wconf 83' lang='lat'>15</span> <span class='ocrx_word' id='word_1_111' title='bbox 93 1518 234 1601; x_wconf 89' lang='lat' dir='ltr'>gessisse</span> <span class='ocrx_word' id='word_1_112' title='bbox 254 1519 405 1603; x_wconf 82' lang='lat' dir='ltr'>cognovi,</span> <span class='ocrx_word' id='word_1_113' title='bbox 429 1541 564 1602; x_wconf 91' lang='lat' dir='ltr'>eamque</span> <span class='ocrx_word' id='word_1_114' title='bbox 587 1518 668 1582; x_wconf 90' lang='lat' dir='ltr'>mihi</span> <span class='ocrx_word' id='word_1_115' title='bbox 687 1540 757 1582; x_wconf 84' lang='lat' dir='ltr'>esse</span> <span class='ocrx_word' id='word_1_116' title='bbox 777 1519 975 1582; x_wconf 86' lang='lat' dir='ltr'>sententiam</span> <span class='ocrx_word' id='word_1_117' title='bbox 994 1517 1107 1584; x_wconf 81' lang='lat' dir='ltr'>Iovem</span> 
     </span>
     <span class='ocr_line' id='line_1_17' title="bbox 92 1605 1108 1692; baseline 0.004 -23"><span class='ocrx_word' id='word_1_118' title='bbox 92 1609 210 1670; x_wconf 89' lang='lat' dir='ltr'>testem</span> <span class='ocrx_word' id='word_1_119' title='bbox 238 1606 322 1671; x_wconf 87' lang='lat' dir='ltr'>facio</span> <span class='ocrx_word' id='word_1_120' title='bbox 348 1605 608 1692; x_wconf 89' lang='lat' dir='ltr'>Neptunumque.</span> <span class='ocrx_word' id='word_1_121' title='bbox 656 1607 761 1683; x_wconf 83' lang='lat' dir='ltr'>Quare</span> <span class='ocrx_word' id='word_1_122' title='bbox 789 1606 851 1671; x_wconf 89' lang='lat' dir='ltr'>diis</span> <span class='ocrx_word' id='word_1_123' title='bbox 878 1606 1020 1691; x_wconf 91' lang='lat' dir='ltr'>primum</span> <span class='ocrx_word' id='word_1_124' title='bbox 1050 1609 1108 1673; x_wconf 91' lang='lat' dir='ltr'>im-</span> 
     </span>
     <span class='ocr_line' id='line_1_18' title="bbox 94 1695 1107 1781; baseline 0.002 -23"><span class='ocrx_word' id='word_1_125' title='bbox 94 1695 287 1760; x_wconf 87' lang='lat' dir='ltr'>mortalibus</span> <span class='ocrx_word' id='word_1_126' title='bbox 312 1696 496 1780; x_wconf 87' lang='lat' dir='ltr'>deabusque</span> <span class='ocrx_word' id='word_1_127' title='bbox 521 1718 584 1780; x_wconf 88' lang='lat' dir='ltr'>ago</span> <span class='ocrx_word' id='word_1_128' title='bbox 609 1696 733 1780; x_wconf 87' lang='lat' dir='ltr'>gratias</span> <span class='ocrx_word' id='word_1_129' title='bbox 758 1699 992 1779; x_wconf 87' lang='lat' dir='ltr'>competentes,</span> <span class='ocrx_word' id='word_1_130' title='bbox 1020 1696 1107 1781; x_wconf 92' lang='lat' dir='ltr'>quod</span> 
     </span>
     <span class='ocr_line' id='line_1_19' title="bbox 92 1784 1108 1869; baseline 0.003 -22"><span class='ocrx_word' id='word_1_131' title='bbox 92 1805 220 1848; x_wconf 91' lang='lat' dir='ltr'>emenso</span> <span class='ocrx_word' id='word_1_132' title='bbox 250 1785 312 1849; x_wconf 93' lang='lat' dir='ltr'>tibi</span> <span class='ocrx_word' id='word_1_133' title='bbox 339 1785 437 1850; x_wconf 92' lang='lat' dir='ltr'>hasce</span> <span class='ocrx_word' id='word_1_134' title='bbox 461 1785 597 1868; x_wconf 90' lang='lat' dir='ltr'>periculi</span> <span class='ocrx_word' id='word_1_135' title='bbox 620 1784 827 1849; x_wconf 87' lang='lat' dir='ltr'>difficultates</span> <span class='ocrx_word' id='word_1_136' title='bbox 852 1784 1108 1869; x_wconf 87' lang='lat' dir='ltr'>gratulationem</span> 
     </span>
     <span class='ocr_line' id='line_1_20' title="bbox 91 1873 1109 1958; baseline 0.003 -22"><span class='ocrx_word' id='word_1_137' title='bbox 91 1873 200 1956; x_wconf 89' lang='lat' dir='ltr'>potius</span> <span class='ocrx_word' id='word_1_138' title='bbox 240 1897 337 1958; x_wconf 89' lang='lat' dir='ltr'>quam</span> <span class='ocrx_word' id='word_1_139' title='bbox 375 1875 529 1939; x_wconf 86' lang='lat' dir='ltr'>solatium</span> <span class='ocrx_word' id='word_1_140' title='bbox 564 1873 686 1951; x_wconf 91' lang='lat' dir='ltr'>scribo,</span> <span class='ocrx_word' id='word_1_141' title='bbox 719 1873 838 1958; x_wconf 92' lang='lat' dir='ltr'>quippe</span> <span class='ocrx_word' id='word_1_142' title='bbox 874 1896 968 1957; x_wconf 91' lang='lat' dir='ltr'>quem</span> <span class='ocrx_word' id='word_1_143' title='bbox 1006 1875 1109 1939; x_wconf 87' lang='lat' dir='ltr'>sciam</span> 
     </span>
     <span class='ocr_line' id='line_1_21' title="bbox 51 1962 1107 2047; baseline 0.006 -25"><span class='ocrx_word' id='word_1_144' title='bbox 51 1982 77 2022; x_wconf 82' lang='lat' dir='ltr'>ao</span> <span class='ocrx_word' id='word_1_145' title='bbox 91 1984 157 2027; x_wconf 90' lang='lat' dir='ltr'>non</span> <span class='ocrx_word' id='word_1_146' title='bbox 181 1964 342 2029; x_wconf 88' lang='lat' dir='ltr'>bellorum</span> <span class='ocrx_word' id='word_1_147' title='bbox 371 1963 467 2027; x_wconf 92' lang='lat' dir='ltr'>modo</span> <span class='ocrx_word' id='word_1_148' title='bbox 495 1962 684 2027; x_wconf 90' lang='lat' dir='ltr'>discrimina</span> <span class='ocrx_word' id='word_1_149' title='bbox 708 1962 863 2047; x_wconf 87' lang='lat' dir='ltr'>evasisse,</span> <span class='ocrx_word' id='word_1_150' title='bbox 890 1984 1003 2027; x_wconf 86' lang='lat' dir='ltr'>verum</span> <span class='ocrx_word' id='word_1_151' title='bbox 1027 1966 1107 2028; x_wconf 90' lang='lat' dir='ltr'>tem·</span> 
     </span>
     <span class='ocr_line' id='line_1_22' title="bbox 91 2051 1108 2138; baseline 0.002 -24"><span class='ocrx_word' id='word_1_152' title='bbox 91 2072 207 2133; x_wconf 89' lang='lat' dir='ltr'>porum</span> <span class='ocrx_word' id='word_1_153' title='bbox 241 2075 369 2138; x_wconf 92' lang='lat' dir='ltr'>quoque</span> <span class='ocrx_word' id='word_1_154' title='bbox 402 2056 434 2115; x_wconf 91' lang='lat' dir='ltr'>et</span> <span class='ocrx_word' id='word_1_155' title='bbox 466 2052 548 2116; x_wconf 91' lang='lat' dir='ltr'>caeli</span> <span class='ocrx_word' id='word_1_156' title='bbox 580 2051 830 2116; x_wconf 87' lang='lat' dir='ltr'>difficultatibus</span> <span class='ocrx_word' id='word_1_157' title='bbox 862 2072 927 2115; x_wconf 90' lang='lat' dir='ltr'>non</span> <span class='ocrx_word' id='word_1_158' title='bbox 960 2052 1108 2116; x_wconf 86' lang='lat' dir='ltr'>cessisse.</span> 
     </span>
     <span class='ocr_line' id='line_1_23' title="bbox 91 2138 1108 2226; baseline 0.003 -24"><span class='ocrx_word' id='word_1_159' title='bbox 91 2138 140 2203; x_wconf 82' lang='lat' dir='ltr'>Ex</span> <span class='ocrx_word' id='word_1_160' title='bbox 161 2141 276 2225; x_wconf 91' lang='lat' dir='ltr'>quibus</span> <span class='ocrx_word' id='word_1_161' title='bbox 302 2142 454 2225; x_wconf 86' lang='lat' dir='ltr'>colligere</span> <span class='ocrx_word' id='word_1_162' title='bbox 475 2140 647 2205; x_wconf 88' lang='lat' dir='ltr'>admodum</span> <span class='ocrx_word' id='word_1_163' title='bbox 667 2140 760 2204; x_wconf 87' lang='lat' dir='ltr'>facile</span> <span class='ocrx_word' id='word_1_164' title='bbox 783 2143 841 2223; x_wconf 89' lang='lat' dir='ltr'>est,</span> <span class='ocrx_word' id='word_1_165' title='bbox 864 2140 1108 2226; x_wconf 85' lang='lat' dir='ltr'>ambigendum,</span> 
     </span>
     <span class='ocr_line' id='line_1_24' title="bbox 91 2228 1109 2312; baseline 0.006 -23"><span class='ocrx_word' id='word_1_166' title='bbox 91 2230 241 2291; x_wconf 87' lang='lat' dir='ltr'>utrumne</span> <span class='ocrx_word' id='word_1_167' title='bbox 264 2234 297 2292; x_wconf 93' lang='lat' dir='ltr'>te</span> <span class='ocrx_word' id='word_1_168' title='bbox 320 2230 510 2312; x_wconf 88' lang='lat' dir='ltr'>prudentiae</span> <span class='ocrx_word' id='word_1_169' title='bbox 534 2229 657 2293; x_wconf 85' lang='lat' dir='ltr'>viribus</span> <span class='ocrx_word' id='word_1_170' title='bbox 686 2251 728 2293; x_wconf 90' lang='lat' dir='ltr'>an</span> <span class='ocrx_word' id='word_1_171' title='bbox 755 2228 952 2293; x_wconf 90' lang='lat' dir='ltr'>tolerantiae</span> <span class='ocrx_word' id='word_1_172' title='bbox 975 2228 1109 2295; x_wconf 87' lang='lat' dir='ltr'>fortitu·</span> 
     </span>
     <span class='ocr_line' id='line_1_25' title="bbox 92 2314 1108 2400; baseline 0.007 -23"><span class='ocrx_word' id='word_1_173' title='bbox 92 2314 238 2398; x_wconf 87' lang='lat' dir='ltr'>diuisque</span> <span class='ocrx_word' id='word_1_174' title='bbox 263 2318 367 2400; x_wconf 89' lang='lat' dir='ltr'>magis</span> <span class='ocrx_word' id='word_1_175' title='bbox 391 2317 583 2400; x_wconf 88' lang='lat' dir='ltr'>praedicem.</span> <span class='ocrx_word' id='word_1_176' title='bbox 631 2315 728 2382; x_wconf 77' lang='lat' dir='ltr'>certe</span> <span class='ocrx_word' id='word_1_177' title='bbox 756 2317 836 2381; x_wconf 94' lang='lat' dir='ltr'>illud</span> <span class='ocrx_word' id='word_1_178' title='bbox 859 2319 920 2381; x_wconf 89' lang='lat' dir='ltr'>tibi</span> <span class='ocrx_word' id='word_1_179' title='bbox 948 2317 1016 2383; x_wconf 93' lang='lat' dir='ltr'>iam</span> <span class='ocrx_word' id='word_1_180' title='bbox 1040 2317 1108 2383; x_wconf 90' lang='lat' dir='ltr'>Ho-</span> 
     </span>
     <span class='ocr_line' id='line_1_26' title="bbox 51 2404 1063 2490; baseline 0.009 -27"><span class='ocrx_word' id='word_1_181' title='bbox 51 2422 77 2464; x_wconf 80' lang='lat' dir='ltr'>as</span> <span class='ocrx_word' id='word_1_182' title='bbox 92 2404 248 2468; x_wconf 89' lang='lat' dir='ltr'>mericum</span> <span class='ocrx_word' id='word_1_183' title='bbox 273 2405 373 2486; x_wconf 88' lang='lat' dir='ltr'>adest,</span> <span class='ocrx_word' id='word_1_184' title='bbox 398 2405 482 2488; x_wconf 89' lang='lat' dir='ltr'>quod</span> <span class='ocrx_word' id='word_1_185' title='bbox 506 2405 573 2470; x_wconf 92' lang='lat' dir='ltr'>illic</span> <span class='ocrx_word' id='word_1_186' title='bbox 598 2406 858 2489; x_wconf 87' lang='lat' dir='ltr'>sapientissimus</span> <span class='ocrx_word' id='word_1_187' title='bbox 881 2407 1063 2490; x_wconf 87' lang='lat' dir='ltr'>gloriatur:</span> 
     </span>
    </p>
   </div>
   <div class='ocr_carea' id='block_1_3' title="bbox 204 2524 989 2595">
    <p class='ocr_par' dir='ltr' id='par_1_3' title="bbox 204 2524 989 2595">
     <span class='ocr_line' id='line_1_27' title="bbox 204 2524 989 2595; baseline 0.004 -17"><span class='ocrx_word' id='word_1_188' title='bbox 204 2524 432 2595; x_wconf 86' lang='lat' dir='ltr'>Multigenasque</span> <span class='ocrx_word' id='word_1_189' title='bbox 451 2526 534 2579; x_wconf 89' lang='lat' dir='ltr'>urbes</span> <span class='ocrx_word' id='word_1_190' title='bbox 553 2525 698 2581; x_wconf 90' lang='lat' dir='ltr'>hominum</span> <span class='ocrx_word' id='word_1_191' title='bbox 717 2543 864 2595; x_wconf 86' lang='lat' dir='ltr'>moresque</span> <span class='ocrx_word' id='word_1_192' title='bbox 882 2527 989 2582; x_wconf 75' lang='lat' dir='ltr'>notavi.</span> 
     </span>
    </p>
   </div>
   <div class='ocr_carea' id='block_1_4' title="bbox 89 2633 1108 2898">
    <p class='ocr_par' dir='ltr' id='par_1_4' title="bbox 89 2633 1108 2898">
     <span class='ocr_line' id='line_1_28' title="bbox 91 2633 1108 2721; baseline 0.006 -25"><span class='ocrx_word' id='word_1_193' title='bbox 91 2633 169 2710; x_wconf 91' lang='lat' dir='ltr'>Quis</span> <span class='ocrx_word' id='word_1_194' title='bbox 205 2635 292 2699; x_wconf 91' lang='lat' dir='ltr'>enim</span> <span class='ocrx_word' id='word_1_195' title='bbox 324 2636 574 2719; x_wconf 90' lang='lat' dir='ltr'>praedicationis</span> <span class='ocrx_word' id='word_1_196' title='bbox 604 2637 679 2700; x_wconf 90' lang='lat' dir='ltr'>finis</span> <span class='ocrx_word' id='word_1_197' title='bbox 710 2636 798 2700; x_wconf 88' lang='lat' dir='ltr'>istud</span> <span class='ocrx_word' id='word_1_198' title='bbox 831 2637 935 2720; x_wconf 90' lang='lat' dir='ltr'>capit,</span> <span class='ocrx_word' id='word_1_199' title='bbox 966 2636 1108 2721; x_wconf 87' lang='lat' dir='ltr'>triginta</span> 
     </span>
     <span class='ocr_line' id='line_1_29' title="bbox 89 2723 1107 2790; baseline 0.004 -4"><span class='ocrx_word' id='word_1_200' title='bbox 89 2723 192 2786; x_wconf 87' lang='lat' dir='ltr'>ferme</span> <span class='ocrx_word' id='word_1_201' title='bbox 216 2724 268 2788; x_wconf 88' lang='lat' dir='ltr'>vix</span> <span class='ocrx_word' id='word_1_202' title='bbox 294 2747 396 2788; x_wconf 90' lang='lat' dir='ltr'>annos</span> <span class='ocrx_word' id='word_1_203' title='bbox 421 2747 587 2788; x_wconf 89' lang='lat' dir='ltr'>emensum</span> <span class='ocrx_word' id='word_1_204' title='bbox 610 2728 643 2788; x_wconf 87' lang='lat' dir='ltr'>te</span> <span class='ocrx_word' id='word_1_205' title='bbox 667 2725 801 2790; x_wconf 90' lang='lat' dir='ltr'>orientis</span> <span class='ocrx_word' id='word_1_206' title='bbox 826 2726 933 2789; x_wconf 91' lang='lat' dir='ltr'>omnis</span> <span class='ocrx_word' id='word_1_207' title='bbox 959 2726 1107 2790; x_wconf 91' lang='lat' dir='ltr'>occiden-</span> 
     </span>
     <span class='ocr_line' id='line_1_30' title="bbox 90 2813 1107 2898; baseline 0.004 -24"><span class='ocrx_word' id='word_1_208' title='bbox 90 2813 195 2896; x_wconf 91' lang='lat' dir='ltr'>tisque</span> <span class='ocrx_word' id='word_1_209' title='bbox 220 2813 404 2878; x_wconf 77' lang='lat' dir='ltr'>dominari?</span> <span class='ocrx_word' id='word_1_210' title='bbox 452 2814 572 2878; x_wconf 89' lang='lat' dir='ltr'>Bactra</span> <span class='ocrx_word' id='word_1_211' title='bbox 600 2817 633 2877; x_wconf 93' lang='lat' dir='ltr'>te</span> <span class='ocrx_word' id='word_1_212' title='bbox 657 2813 750 2898; x_wconf 83' lang='lat' dir='ltr'>vidit,</span> <span class='ocrx_word' id='word_1_213' title='bbox 779 2813 955 2896; x_wconf 90' lang='lat' dir='ltr'>Aethiopia</span> <span class='ocrx_word' id='word_1_214' title='bbox 985 2815 1107 2878; x_wconf 90' lang='lat' dir='ltr'>saluta·</span> 
     </span>
    </p>
   </div>
   <div class='ocr_carea' id='block_1_5' title="bbox 85 3056 1207 3479">
    <p class='ocr_par' dir='ltr' id='par_1_5' title="bbox 88 3056 1207 3270">
     <span class='ocr_line' id='line_1_31' title="bbox 180 3056 1207 3128; baseline 0.003 -18"><span class='ocrx_word' id='word_1_215' title='bbox 180 3058 438 3128; x_wconf 84' lang='lat' dir='ltr'>lmagnitudinem</span> <span class='ocrx_word' id='word_1_216' title='bbox 457 3060 490 3115; x_wconf 91' lang='lat' dir='ltr'>P.</span> <span class='ocrx_word' id='word_1_217' title='bbox 549 3056 697 3127; x_wconf 82' lang='lat' dir='ltr'>3Quippe</span> <span class='ocrx_word' id='word_1_218' title='bbox 718 3059 783 3112; x_wconf 84' lang='lat' dir='ltr'>darn</span> <span class='ocrx_word' id='word_1_219' title='bbox 803 3058 836 3113; x_wconf 91' lang='lat' dir='ltr'>P.</span> <span class='ocrx_word' id='word_1_220' title='bbox 866 3058 953 3112; x_wconf 89' lang='lat' dir='ltr'>situm</span> <span class='ocrx_word' id='word_1_221' title='bbox 973 3058 1051 3127; x_wconf 91' lang='lat' dir='ltr'>quod</span> <span class='ocrx_word' id='word_1_222' title='bbox 1072 3060 1105 3114; x_wconf 87' lang='lat' dir='ltr'>P.</span> <span class='ocrx_word' id='word_1_223' title='bbox 1206 3064 1207 3067; x_wconf 74' lang='grc'>’</span> 
     </span>
     <span class='ocr_line' id='line_1_32' title="bbox 88 3125 1207 3186; baseline 0.002 -4"><span class='ocrx_word' id='word_1_224' title='bbox 88 3128 261 3183; x_wconf 77' lang='lat' dir='ltr'>Seiusmodi</span> <span class='ocrx_word' id='word_1_225' title='bbox 286 3130 317 3183; x_wconf 93' lang='lat' dir='ltr'>P.</span> <span class='ocrx_word' id='word_1_226' title='bbox 405 3129 565 3184; x_wconf 84' lang='lat' dir='ltr'>9civitatis</span> <span class='ocrx_word' id='word_1_227' title='bbox 584 3133 618 3183; x_wconf 97' lang='lat' dir='ltr'>A.</span> <span class='ocrx_word' id='word_1_228' title='bbox 652 3130 753 3184; x_wconf 90' lang='lat' dir='ltr'>ditioni</span> <span class='ocrx_word' id='word_1_229' title='bbox 772 3146 839 3183; x_wconf 90' lang='lat' dir='ltr'>suae</span> <span class='ocrx_word' id='word_1_230' title='bbox 859 3131 893 3184; x_wconf 89' lang='lat' dir='ltr'>A.</span> <span class='ocrx_word' id='word_1_231' title='bbox 919 3125 1107 3186; x_wconf 85' lang='lat' dir='ltr'>dedicationis</span> <span class='ocrx_word' id='word_1_232' title='bbox 1206 3139 1207 3145; x_wconf 75' lang='grc'>’</span> 
     </span>
     <span class='ocr_line' id='line_1_33' title="bbox 90 3198 1105 3270; baseline 0.001 -17"><span class='ocrx_word' id='word_1_233' title='bbox 90 3198 149 3253; x_wconf 87' lang='lat' dir='ltr'>eius</span> <span class='ocrx_word' id='word_1_234' title='bbox 168 3200 200 3253; x_wconf 90' lang='lat' dir='ltr'>P.</span> <span class='ocrx_word' id='word_1_235' title='bbox 276 3207 308 3256; x_wconf 93' lang='lat'>10</span> <span class='ocrx_word' id='word_1_236' title='bbox 333 3201 424 3255; x_wconf 84' lang='lat' dir='ltr'>Verba</span> <span class='ocrx_word' id='word_1_237' title='bbox 447 3202 488 3255; x_wconf 88' lang='lat' dir='ltr'>‘et</span> <span class='ocrx_word' id='word_1_238' title='bbox 507 3199 687 3256; x_wconf 90' lang='lat' dir='ltr'>sacrificia-</span> <span class='ocrx_word' id='word_1_239' title='bbox 700 3207 731 3255; x_wconf 94' lang='lat'>11</span> <span class='ocrx_word' id='word_1_240' title='bbox 752 3200 977 3270; x_wconf 88' lang='lat' dir='ltr'>persequeretur’</span> <span class='ocrx_word' id='word_1_241' title='bbox 999 3218 1050 3256; x_wconf 86' lang='lat' dir='ltr'>om.</span> <span class='ocrx_word' id='word_1_242' title='bbox 1071 3202 1105 3256; x_wconf 92' lang='lat' dir='ltr'>P.</span> 
     </span>
    </p>

    <p class='ocr_par' dir='ltr' id='par_1_6' title="bbox 85 3270 1207 3479">
     <span class='ocr_line' id='line_1_34' title="bbox 178 3270 1207 3327; baseline 0.004 -4"><span class='ocrx_word' id='word_1_243' title='bbox 178 3271 225 3324; x_wconf 81' lang='lat'>48.</span> <span class='ocrx_word' id='word_1_244' title='bbox 255 3277 288 3324; x_wconf 85' lang='lat'>14</span> <span class='ocrx_word' id='word_1_245' title='bbox 306 3270 350 3325; x_wconf 90' lang='lat' dir='ltr'>his</span> <span class='ocrx_word' id='word_1_246' title='bbox 369 3273 402 3326; x_wconf 90' lang='lat' dir='ltr'>P.</span> <span class='ocrx_word' id='word_1_247' title='bbox 470 3278 502 3327; x_wconf 81' lang='lat'>15</span> <span class='ocrx_word' id='word_1_248' title='bbox 522 3290 582 3327; x_wconf 89' lang='lat' dir='ltr'>esse</span> <span class='ocrx_word' id='word_1_249' title='bbox 600 3289 650 3327; x_wconf 83' lang='lat' dir='ltr'>om.</span> <span class='ocrx_word' id='word_1_250' title='bbox 670 3272 703 3326; x_wconf 88' lang='lat' dir='ltr'>P.</span> <span class='ocrx_word' id='word_1_251' title='bbox 770 3277 802 3325; x_wconf 86' lang='lat'>18</span> <span class='ocrx_word' id='word_1_252' title='bbox 820 3272 871 3326; x_wconf 84' lang='lat' dir='ltr'>has</span> <span class='ocrx_word' id='word_1_253' title='bbox 890 3272 923 3326; x_wconf 91' lang='lat' dir='ltr'>P.</span> <span class='ocrx_word' id='word_1_254' title='bbox 993 3272 1105 3327; x_wconf 79' lang='lat' dir='ltr'>codis·</span> <span class='ocrx_word' id='word_1_255' title='bbox 1206 3274 1207 3278; x_wconf 70' lang='grc'>’</span> 
     </span>
     <span class='ocr_line' id='line_1_35' title="bbox 88 3333 1105 3413; baseline 0.007 -21"><span class='ocrx_word' id='word_1_256' title='bbox 88 3340 191 3393; x_wconf 88' lang='lat' dir='ltr'>crimen</span> <span class='ocrx_word' id='word_1_257' title='bbox 207 3341 238 3394; x_wconf 91' lang='lat' dir='ltr'>P.</span> <span class='ocrx_word' id='word_1_258' title='bbox 282 3348 315 3395; x_wconf 79' lang='lat'>22</span> <span class='ocrx_word' id='word_1_259' title='bbox 335 3343 469 3413; x_wconf 83' lang='lat' dir='ltr'>colligere</span> <span class='ocrx_word' id='word_1_260' title='bbox 488 3346 523 3398; x_wconf 90' lang='lat' dir='ltr'>A.</span> <span class='ocrx_word' id='word_1_261' title='bbox 550 3343 683 3411; x_wconf 85' lang='lat' dir='ltr'>colligere</span> <span class='ocrx_word' id='word_1_262' title='bbox 702 3333 851 3412; x_wconf 73' lang='lat' dir='ltr'>possumud</span> <span class='ocrx_word' id='word_1_263' title='bbox 867 3343 900 3398; x_wconf 93' lang='lat' dir='ltr'>P.</span> <span class='ocrx_word' id='word_1_264' title='bbox 939 3349 973 3397; x_wconf 78' lang='lat'>28</span> <span class='ocrx_word' id='word_1_265' title='bbox 992 3343 1105 3399; x_wconf 83' lang='lat' dir='ltr'>fortitu·</span> 
     </span>
     <span class='ocr_line' id='line_1_36' title="bbox 85 3410 1105 3479; baseline 0.009 -18"><span class='ocrx_word' id='word_1_266' title='bbox 85 3410 217 3479; x_wconf 83' lang='lat' dir='ltr'>diuisque</span> <span class='ocrx_word' id='word_1_267' title='bbox 228 3413 302 3468; x_wconf 79' lang='lat' dir='ltr'>Mai.</span> <span class='ocrx_word' id='word_1_268' title='bbox 323 3413 496 3468; x_wconf 85' lang='lat' dir='ltr'>fortitudinis</span> <span class='ocrx_word' id='word_1_269' title='bbox 507 3415 541 3467; x_wconf 87' lang='lat' dir='ltr'>A.</span> <span class='ocrx_word' id='word_1_270' title='bbox 552 3416 584 3468; x_wconf 90' lang='lat' dir='ltr'>P.</span> <span class='ocrx_word' id='word_1_271' title='bbox 621 3419 656 3467; x_wconf 75' lang='lat'>24</span> <span class='ocrx_word' id='word_1_272' title='bbox 670 3418 729 3468; x_wconf 89' lang='lat' dir='ltr'>tam</span> <span class='ocrx_word' id='word_1_273' title='bbox 743 3413 921 3469; x_wconf 91' lang='lat' dir='ltr'>Homericum</span> <span class='ocrx_word' id='word_1_274' title='bbox 932 3415 967 3470; x_wconf 93' lang='lat' dir='ltr'>A.</span> <span class='ocrx_word' id='word_1_275' title='bbox 1006 3419 1041 3470; x_wconf 74' lang='lat'>26</span> <span class='ocrx_word' id='word_1_276' title='bbox 1055 3431 1105 3470; x_wconf 88' lang='lat' dir='ltr'>no·</span> 
     </span>
    </p>
   </div>
   <div class='ocr_carea' id='block_1_6' title="bbox 72 3480 638 3544">
    <p class='ocr_par' dir='ltr' id='par_1_7' title="bbox 72 3480 638 3544">
     <span class='ocr_line' id='line_1_37' title="bbox 72 3480 638 3544; baseline 0.016 -13"><span class='ocrx_word' id='word_1_277' title='bbox 72 3480 136 3533; x_wconf 73' lang='lat' dir='ltr'>tari</span> <span class='ocrx_word' id='word_1_278' title='bbox 156 3499 227 3539; x_wconf 81' lang='lat' dir='ltr'>corr.</span> <span class='ocrx_word' id='word_1_279' title='bbox 250 3502 285 3541; x_wconf 75' lang='lat' dir='ltr'>ec</span> <span class='ocrx_word' id='word_1_280' title='bbox 303 3487 401 3543; x_wconf 86' lang='lat' dir='ltr'>notari</span> <span class='ocrx_word' id='word_1_281' title='bbox 420 3487 456 3544; x_wconf 91' lang='lat' dir='ltr'>A.</span> <span class='ocrx_word' id='word_1_282' title='bbox 488 3487 584 3543; x_wconf 83' lang='lat' dir='ltr'>notari</span> <span class='ocrx_word' id='word_1_283' title='bbox 604 3487 638 3541; x_wconf 94' lang='lat' dir='ltr'>P.</span> 
     </span>
    </p>
   </div>
   <div class='ocr_carea' id='block_1_7' title="bbox 0 0 1212 3826">
    <p class='ocr_par' dir='ltr' id='par_1_8' title="bbox 0 0 1212 3826">
     <span class='ocr_line' id='line_1_38' title="bbox 0 0 1212 3826; baseline 0 0"><span class='ocrx_word' id='word_1_284' title='bbox 0 0 1212 3826; x_wconf 95' lang='lat' dir='ltr'> </span> 
     </span>
    </p>
   </div>
  </div>
 </body>
</html>
