2414 3826
402 185 531 240 OBITUS
550 185 773 242 ALEXANDRL
1031 185 1094 249 167

85 349 283 432 facultatem,
308 349 426 432 quibus
446 348 583 432 singulis
602 349 667 412 tria
685 349 776 413 milia
795 348 1021 416 drachmarum
1040 349 1095 413 ad-

85 438 247 500 numerari
271 438 450 503 conveniet.
488 438 595 521 Argos
615 440 724 501 autem
744 438 831 502 mitti
855 459 954 520 arma,
978 436 1094 521 quibus

84 525 152 608 ipse
171 547 249 589 usus
269 547 350 608 sum,
372 529 405 588 et
424 525 494 589 auri
514 526 635 608 signati
660 525 831 590 drachmas
858 525 1095 610 quinquaginta

84 635 183 697 eaque
208 613 340 678 Herculi
365 613 547 678 consecrari
570 614 653 678 volo.
690 613 835 698 Delphos
859 635 985 698 quoque
1008 614 1096 678 mitti

83 704 239 786 praecepi,
262 702 369 766 eboris
394 703 477 787 quod
501 703 536 765 in
559 703 634 767 aula
657 723 730 766 mea
752 703 829 784 fuit,
853 701 1120 787 draconumques

83 797 177 874 terga
206 795 239 854 et
268 796 399 872 pateras
430 812 543 855 aureas
574 790 746 873 tredecim,
777 791 941 874 primitias
971 790 1095 856 sciHcet

84 901 217 962 operum
241 885 434 943 nostrorum.
480 878 618 943 Milesiis
642 879 741 943 etiam
765 879 804 943 ad
828 879 1094 944 reformationem

83 967 194 1050 oppidi
214 969 261 1032 sui
277 967 346 1031 dari
364 967 530 1052 praecipio
550 966 622 1038 auri
637 967 758 1051 signati
773 967 944 1031 drachmas
963 971 1094 1032 centum

83 1060 116 1119 et
145 1056 380 1140 quinquaginta
407 1055 672 1140 tantumdemque
701 1057 770 1120 auri
797 1055 963 1119 materiae.
1008 1055 1094 1121 Volo
1114 1068 1159 1119 96.

32 1165 36 1171 ’
82 1148 192 1207 autem
215 1145 413 1227 Perdiccam,
442 1166 538 1229 quem
562 1144 713 1228 Aegypto
741 1145 972 1227 imperatorem
996 1148 1134 1228 atquem

81 1233 295 1297 Alexandriae
323 1255 393 1298 esse
423 1234 518 1316 iussi,
546 1233 592 1298 sic
621 1234 667 1297 uti
694 1233 830 1317 imperio
856 1232 1026 1317 mandato,
1053 1255 1094 1297 ne

81 1342 201 1385 nomen
231 1319 338 1386 meum
367 1343 407 1385 ex
437 1322 555 1406 oppido
586 1320 818 1406 transferatur,
851 1343 932 1406 quae
963 1321 1094 1405 quidem

81 1410 182 1474 etiarn
211 1410 345 1474 maximi
375 1410 508 1475 deorum
538 1409 671 1495 Sarapis
704 1414 754 1475 est
784 1411 953 1475 sententia.
1005 1409 1094 1476 Fieri

79 1520 178 1581 porro
207 1521 348 1562 annuum
377 1499 489 1583 oppidi
518 1500 730 1578 sacerdotem,
759 1500 813 1582 qui
841 1499 991 1564 sacerdos
1018 1499 1094 1564 Ale-

79 1587 196 1650 xandri
218 1589 412 1666 nominetur,
436 1589 527 1671 eique
550 1587 693 1670 insignia
716 1587 787 1651 dari
809 1588 917 1671 placet
939 1609 1093 1654 coronam
1107 1611 1133 1654 15

80 1698 213 1740 auream
237 1680 270 1738 et
287 1697 483 1758 purpureum
507 1677 671 1739 amictum.
707 1675 739 1739 Is
763 1675 820 1739 ubi
842 1677 972 1741 functus
995 1677 1094 1743 fuerit

81 1765 274 1846 sacerdotiO,
304 1764 392 1828 omni
420 1763 545 1847 reliquo
574 1785 706 1828 munere
729 1764 781 1828 vel
803 1764 1025 1849 inquietudine
1050 1767 1093 1830 sit

81 1853 215 1917 solutus.
261 1852 323 1918 Sed
352 1853 485 1938 quisquc
513 1853 546 1916 id
574 1851 788 1917 sacerdotium
811 1853 1022 1938 nanciscitur,
1050 1855 1093 1918 sit

80 1944 114 2005 et
147 1962 264 2026 genere
297 1941 417 2005 nobilis
450 1944 483 2005 et
518 1941 772 2024 existimatione,
809 1941 857 2003 uti
891 1940 954 2004 sibi
989 1941 1092 2024 digni·
1107 1965 1131 2004 ιε

79 2034 131 2094 tas
161 2052 225 2093 una
257 2052 328 2094 cum
356 2030 495 2112 posteris
526 2033 559 2093 et
587 2029 653 2093 ista
682 2028 841 2112 proficiat.
890 2027 1019 2092 Indicae
1046 2051 1094 2093 re·
1113 2041 1157 2093 97.

79 2118 187 2203 gionis
207 2119 338 2202 eiusque
354 2122 488 2202 tractus,
508 2118 563 2202 qui
578 2118 618 2182 ad
633 2116 814 2201 Hydaspim
828 2115 961 2181 fluvium
976 2118 1092 2202 pergit,

80 2206 245 2271 Taxiaden
270 2206 388 2271 mando
418 2228 487 2271 esse
511 2206 719 2289 praefectum.
765 2205 992 2270 Adiacentium
1015 2226 1092 2271 vero

79 2296 251 2379 regionum
270 2296 502 2379 Apoctronum,
521 2294 671 2360 Roxanes
690 2297 850 2379 patruum,
869 2294 978 2358 uxoris
992 2317 1092 2380 meae,

78 2389 239 2449 rectorem
263 2384 418 2448 constitui
435 2384 550 2467 placet.
588 2383 761 2448 Racusiam
780 2405 856 2448 vero
875 2383 1041 2466 regionem
1060 2389 1093 2450 et
1187 2434 1190 2438 ι

78 2472 290 2537 Bactrianam
310 2476 342 2537 et
363 2471 534 2537 Susianam
553 2472 705 2556 Philippo
729 2474 870 2557 remitto,
893 2471 1092 2556 Hyrcaniam
1106 2495 1133 2537 as

79 2562 324 2645 Artaphernae,
351 2560 486 2626 Persida
509 2562 692 2626 Peucestae.
738 2561 872 2645 Illyriae
895 2583 971 2625 vero
999 2585 1092 2647 prae·

78 2650 153 2721 ficio
173 2650 306 2733 Olciam,
330 2652 381 2714 oui
405 2651 534 2734 quidem
557 2673 596 2714 cx
619 2649 700 2714 Asia
724 2650 793 2714 dari
818 2651 983 2732 oportebit
1002 2651 1091 2734 quin·

79 2742 197 2822 gentos
218 2761 317 2823 equos
341 2744 374 2803 et
393 2741 463 2804 auri
482 2738 708 2803 drachmarum
728 2738 792 2801 tria
811 2737 910 2820 milia,
934 2759 951 2800 e
975 2738 1091 2820 quibus

78 2828 239 2911 templum
260 2827 445 2911 constituat,
464 2827 556 2910 eique
576 2827 698 2908 templo
718 2826 924 2890 simulacrum
940 2825 1092 2891 Herculis

169 3060 271 3108 3usus
291 3053 344 3107 eim
362 3055 398 3107 A.
436 3052 642 3121 9tuudemque
656 3052 689 3107 P.
728 3057 761 3106 10
780 3053 914 3120 egyptum
928 3053 962 3107 P.
1001 3060 1032 3107 11
1053 3052 1093 3108 sic

79 3125 123 3178 uti
141 3123 175 3178 A.
205 3124 279 3179 sicut
297 3125 330 3178 P.
374 3130 405 3178 12
424 3125 595 3179 tranferatur
613 3123 648 3177 A.
674 3129 727 3189 ,14
746 3139 868 3177 annuum
889 3123 923 3178 P.
950 3141 1038 3177 unum
1056 3125 1092 3179 A.

80 3201 114 3249 18
135 3196 190 3250 Sed
205 3196 228 3250 si
243 3195 361 3264 quisque
377 3196 412 3249 P.
439 3194 469 3248 id
484 3195 514 3248 P.
544 3195 585 3249 ita
599 3196 633 3248 A.
685 3199 717 3247 21
738 3195 787 3262 qui
801 3194 836 3248 ad
851 3195 1006 3263 Hydaspim
1021 3195 1092 3252 Mat.

79 3266 129 3334 qui
143 3267 179 3320 ad
192 3267 308 3335 ydapim
317 3266 350 3318 P.
370 3283 426 3334 quo
439 3264 584 3334 alydapim
591 3266 626 3320 A.
664 3270 697 3318 22
717 3266 830 3319 taxiade
841 3266 872 3320 P.
892 3264 1047 3319 Traxiaden
1056 3265 1091 3319 A.

79 3337 275 3392 Adiaoentiam
294 3337 328 3391 P.
391 3342 425 3390 23
445 3338 637 3405 Apoccrouum
656 3337 692 3391 A.
718 3340 849 3404 patruum
868 3338 903 3390 A.
926 3337 1038 3406 petrum
1057 3337 1092 3392 P.

79 3414 114 3462 24
133 3409 278 3477 regionum
295 3408 328 3460 P.
367 3411 400 3460 25
421 3407 567 3461 Susianam
581 3407 655 3461 Keil.
685 3406 807 3460 Suisiam
820 3406 893 3462 A.P
922 3407 1094 3476 Hyrcaniam

80 3480 152 3533 Mai.
174 3477 350 3534 Circanniam
360 3477 499 3533 artnlerne
507 3477 539 3532 P.
559 3476 897 3548 Cyrcunniamarialerue
906 3479 944 3530 A.
974 3478 1111 3533 ‘annam-

80 3551 175 3604 ccstae
189 3552 227 3605 A.
254 3551 352 3617 Illyrio
372 3550 406 3605 P.
461 3555 494 3605 dl
517 3549 633 3608 Olcium
652 3550 733 3607 Keil.
761 3549 881 3606 ordiam
895 3548 936 3599 P.
960 3544 1083 3596 uxama.
1103 3537 1142 3585 A.
1186 3550 1199 3635 ,1
