2414 3826
43 200 49 208 s
142 156 184 220 14
572 153 684 209 LIBER
701 153 722 208 l.

139 319 240 383 fuisse
263 317 477 383 Laomedonti
505 316 662 381 eiusmodi
686 315 920 399 praedicantur.
966 314 1036 380 Nec
1060 336 1153 381 secus

140 409 288 471 senserat
317 405 475 490 Philipus.
530 403 616 469 Nam
650 407 683 469 et
714 408 788 470 actu
820 402 965 488 corporis
1000 406 1033 468 et
1067 403 1154 470 linea

138 494 389 579 pulchritudinis
413 494 612 560 movebatur.
660 492 723 558 Sed
750 492 840 557 addit
867 492 1026 578 equisius:
1049 491 1154 559 ‘Haec

140 583 285 669 quidem,
315 606 333 649 0
362 605 434 667 rex,
464 587 540 647 sunt
566 582 602 647 in
631 580 693 646 hoc
721 602 801 665 equo
829 581 926 667 talia,
956 580 1012 646 sed
1043 585 1095 648 est
1125 583 1154 646 ei

113 672 257 738 evitium
286 672 416 757 beluile,
442 692 582 755 namque
610 669 759 735 homines
787 670 855 734 edit
882 673 915 734 et
941 670 975 735 in
1003 670 1155 736 huiusce-

138 760 226 826 modi
249 761 405 845 pabulum
429 758 553 825 saevit’
598 757 644 824 Et
671 756 786 842 ‘Heu,'
814 780 870 823 rex
894 759 953 842 ait,
981 757 1155 825 ‘numnam

138 850 219 914 illud
234 850 268 914 in
283 850 347 915 isto
362 849 570 932 proverbium
586 850 645 932 est,
664 847 749 932 quod
765 868 891 930 semper
905 850 1041 932 propter
1055 849 1153 914 rebus

138 938 232 1004 bonis
257 938 418 1004 deteriora
445 936 673 1004 conlimitant‘?
718 935 895 1001 Enimvero
920 937 1077 1020 quoniam
1101 936 1153 1002 de·

138 1028 255 1092 ductus
276 1029 383 1110 semel,
402 1026 508 1093 claudi
527 1047 599 1090 eum
619 1027 717 1108 atquc
737 1025 781 1089 ali
800 1024 967 1108 curabitis,
985 1027 1046 1090 sub
1065 1025 1154 1091 clau-

99 1139 125 1178 10
140 1117 216 1182 stris
240 1117 366 1183 scilicet
393 1115 611 1200 praeferretis.
656 1112 799 1198 Quisque
827 1114 911 1177 enim
941 1113 1154 1179 subcubuerit

138 1203 267 1288 legibus
295 1203 510 1287 tristioribus,
538 1201 763 1266 huiuscemodi
790 1202 906 1266 melius
934 1201 1153 1268 obiectabitur

138 1291 304 1357 lanienae?
351 1292 395 1356 Et
422 1293 501 1356 haec
529 1289 660 1375 quidem
687 1312 757 1374 rex,
785 1294 818 1354 ct
846 1313 920 1356 cum
948 1290 1034 1356 dicto
1063 1291 1153 1357 iussa

139 1382 351 1464 complentur.

228 1467 290 1532 Sed
310 1467 435 1532 interea
449 1466 633 1532 Alexander
651 1469 716 1532 iam
736 1489 856 1532 annum
872 1467 1098 1532 duodecimum
1135 1475 1203 1530 XIV.

97 1579 124 1619 15
139 1556 305 1640 adpellens
334 1559 367 1620 et
395 1577 502 1620 comes
530 1557 618 1640 patri
640 1556 740 1620 fiebat
768 1560 801 1620 et
827 1579 888 1622 usu
916 1577 1081 1621 armorum
1105 1557 1152 1622 in-

138 1645 192 1708 dui
216 1645 446 1726 meditabatur,
475 1644 636 1728 simulque
665 1666 737 1709 cum
762 1645 955 1710 exercitibus
983 1644 1045 1709 visi
1073 1667 1151 1730 gau·

137 1733 235 1798 debat
265 1737 298 1797 et
329 1734 420 1817 equis
450 1733 596 1797 insiliens
627 1735 659 1797 et
689 1733 814 1818 reliqua
846 1732 956 1799 omnia
985 1733 1082 1798 miles
1116 1738 1153 1798 ut

137 1824 276 1907 poterat,
296 1822 376 1888 adeo
396 1825 433 1886 ut
451 1821 620 1906 Philippus
639 1821 720 1886 haec
739 1821 901 1886 demirans
920 1821 966 1887 sic
985 1820 1025 1885 ad
1045 1821 1151 1888 illum:

138 1910 177 1976 Ὁ
196 1933 285 1996 puer,
310 1933 389 1977 aveo
408 1911 535 1996 quidem
557 1914 589 1975 et
607 1911 699 1975 vultu
718 1911 828 1975 fruens
852 1913 885 1975 et
907 1909 1052 1975 moribus
1076 1912 1152 1993 tuis,

96 2001 122 2064 r'o
137 2023 313 2086 eorumque
343 2000 430 2065 aliud
459 2001 540 2065 duco
571 2000 610 2064 ad
640 1999 884 2063 similitudinem
912 1999 1030 2082 nostri,
1062 2000 1152 2065 aliud

135 2112 212 2155 vero
233 2091 366 2173 auctius,
391 2112 489 2173 quam
512 2093 549 2154 ut
569 2090 611 2153 sit
631 2111 669 2152 ex
687 2091 801 2154 nostra
818 2091 945 2153 natura.
984 2085 1047 2152 Sed
1065 2109 1151 2154 nunc

136 2178 217 2243 mihi
241 2179 281 2242 ad
304 2179 487 2261 proximam
510 2199 611 2261 usque
634 2178 697 2241 iter
719 2181 769 2241 est
793 2174 980 2241 civitatem?

226 2265 260 2330 8.
289 2264 383 2341 Quod
407 2265 529 2328 dictum
554 2286 626 2329 cum
645 2264 814 2350 Olympias
838 2265 936 2329 etiam
959 2269 1151 2350 usurpasset

136 2353 364 2440 profectusque
394 2351 564 2436 Philippus
592 2352 677 2417 foret
704 2375 771 2418 non
800 2353 900 2418 simili
930 2352 1057 2418 adfectu
1086 2375 1149 2438 quo

96 2442 265 2525 assolitus,
288 2440 514 2507 Nectanabum
537 2441 686 2524 protinus
709 2443 827 2526 repetit
851 2463 985 2527 eumque
1009 2444 1150 2508 consulit

137 2551 233 2613 super
252 2529 454 2596 clandestino
478 2529 587 2594 mariti
610 2529 764 2596 consilio.'
797 2530 957 2607 Quicum
981 2531 1150 2596 adsidente

136 2619 198 2682 sibi
221 2618 407 2684 Alexandro
436 2640 474 2683 ex
502 2621 571 2683 arte
599 2618 655 2683 illa
684 2619 803 2685 astrica
826 2621 1022 2704 loqueretur,
1049 2620 1150 2686 inter-

135 2708 238 2792 pellat
261 2730 341 2792 puer
364 2711 397 2773 et
421 2706 523 2804 ‘Heus
546 2706 603 2792 tu,'
627 2708 742 2792 inquit,
766 2707 911 2792 ‘istaene,
934 2730 1015 2793 quas
1038 2708 1149 2774 stellas

227 2880 440 2952 lpraedicatur
460 2883 494 2938 P.
572 2883 652 2937 4est
671 2882 696 2937 ei
717 2883 751 2936 P.
780 2885 809 2937 ct
830 2882 862 2938 Τ.
942 2887 1099 2950 tuamque
1117 2884 1150 2936 ut

135 2953 262 3008 homines
280 2951 367 3020 videt,
387 2953 416 3007 in
435 2953 606 3008 eiuscemodi
624 2955 760 3023 pabulum
779 2954 870 3010 saevit
890 2953 921 3008 Τ.
959 2959 975 3008 6
995 2953 1032 3007 Et
1049 2969 1100 3008 om.
1117 2953 1149 3008 T.

134 3043 201 3079 num
223 3024 254 3077 Τ.
317 3024 531 3078 8conlimitant
551 3025 582 3080 Τ.
612 3027 785 3081 commutant
804 3025 837 3080 P.
903 3024 1026 3079 tsemel
1044 3040 1095 3079 om.
1115 3024 1147 3079 P.

136 3096 211 3151 alere
230 3094 262 3150 P.
296 3094 406 3149 curavit
425 3095 456 3148 T.
490 3094 542 3149 sub
561 3102 588 3149 Τ.
616 3095 664 3150 sed
686 3096 718 3151 P.
816 3101 848 3149 10
868 3095 972 3163 siquis
991 3093 1065 3150 enim
1085 3095 1149 3150 sub·

135 3165 263 3220 cubuerit
281 3165 393 3237 legibus
411 3164 597 3233 tristioribus,
622 3166 737 3222 huiusce
760 3165 801 3222 rei
824 3167 925 3220 melius
949 3165 1148 3222 oblectabitis

135 3238 241 3292 lanium
262 3238 295 3291 Τ.
324 3235 511 3291 obiectabitur
529 3237 623 3292 laniae
641 3243 669 3294 Τ.
736 3241 767 3292 15
786 3238 819 3292 fit
840 3237 870 3292 Τ.
896 3237 947 3303 fiet
965 3242 992 3290 Τ.
1060 3243 1093 3292 16
1112 3237 1148 3290 si·

134 3308 249 3378 mulque
265 3325 327 3362 cum
341 3306 503 3363 illoEbcrh.
532 3308 584 3363 visi
594 3309 700 3377 scripsi.
719 3307 788 3363 visis
797 3308 831 3363 P.
851 3307 908 3362 suis
919 3313 945 3364 T.
986 3314 1018 3363 19
1033 3325 1104 3363 aveo
1114 3307 1148 3362 P.

135 3379 243 3448 gaudeo
253 3378 352 3434 Sctlec.
382 3381 412 3432 et
424 3379 506 3433 vultu
517 3379 574 3434 Mr.
594 3383 627 3433 ut
644 3379 725 3434 vultu
735 3380 767 3435 P.
796 3379 900 3448 plaudo
916 3377 1028 3447 quidem
1042 3380 1149 3434 viribus

134 3452 164 3504 et
181 3449 305 3570 megribus
326 3449 356 3504 T.
400 3455 461 3573 Tm
483 3451 573 3504 act-ius
593 3453 623 3504 ut
642 3449 666 3504 si
687 3450 720 3505 P.
793 3456 828 3507 22
848 3449 932 3506 iteres
952 3450 986 3505 P.

230 3552 240 3570 .
270 3524 309 3571 28
324 3519 382 3573 iste
427 3565 432 3576 .
