2414 3826
138 183 202 249 208
263 183 437 240 nPlsnonA
454 183 672 239 anennual
689 183 740 238 AD
759 184 1021 243 Aalsronnnnn.

136 349 172 412 in
194 348 311 431 hieme,
334 369 399 411 non
423 348 456 411 in
484 349 608 411 aestate
636 350 853 431 autumnoque
876 354 1041 433 urgueret.
1087 350 1149 415 Vix

136 436 268 500 tandem
281 436 459 500 recollectis
476 436 612 500 sarcinis
632 457 671 499 ex
688 436 817 519 integro
837 436 871 499 in
890 438 1046 520 apriciori
1065 440 1149 504 valle

138 524 247 589 sedem
275 527 456 588 castrorum
483 523 594 588 inveni
625 523 847 609 ordinatisque
873 525 969 590 rebus
998 528 1148 592 omnibus

137 634 250 677 cenare
278 613 416 676 militem
443 612 531 676 iussi.
577 611 663 676 Nam
694 616 726 676 et
753 612 851 676 flatus
878 611 960 678 Euri
988 616 1150 682 ceciderat

105 726 118 766 c
138 705 171 765 et
192 701 295 786 frigus
323 701 437 785 ingens
460 701 646 784 vespertino
670 702 815 784 tempore
839 702 1056 768 accrescebat.
1093 703 1149 770 Oa-

137 789 213 853 dere
245 811 321 854 mox
352 790 388 853 in
420 789 550 853 modum
580 789 738 853 vellerum
768 790 944 854 immensae
975 797 1151 876 coeperunt

135 879 234 944 nives.
276 877 419 954 Quarum
443 877 652 962 aggeratione
676 881 822 942 metuens
845 900 886 943 nc
909 883 1018 944 castra
1042 902 1149 946 cumu-

135 967 296 1051 larentur,
326 968 449 1032 calcare
479 966 617 1030 militem
647 965 754 1031 nivem
785 966 952 1052 iubebam,
983 973 1022 1033 ut
1053 991 1148 1054 quam

136 1057 277 1138 primum
304 1055 423 1120 iniuria
449 1054 568 1137 pedum
592 1054 785 1137 tabesceret,
813 1054 1029 1139 proderentur
1057 1058 1146 1144 ignes

15 1137 18 1141 ’
96 1170 122 1208 10
137 1145 356 1230 aliquatenus,
380 1144 434 1229 qui
456 1144 531 1207 nive
555 1163 657 1226 paene
681 1147 775 1208 erant
798 1143 958 1210 exstincti.
1002 1145 1080 1212 Una
1104 1151 1147 1210 ta·

136 1255 210 1297 men
232 1255 284 1298 res
304 1234 402 1297 saluti
421 1232 492 1314 fuit,
516 1231 601 1315 quod
619 1235 784 1296 momento
803 1233 959 1316 temporis
978 1233 1042 1299 hae
1061 1236 1147 1299 nives

137 1321 280 1405 dilapsae
308 1324 384 1386 sunt
411 1320 514 1383 imbre
542 1319 699 1413 veniente,
717 1320 819 1405 largo.
870 1319 972 1396 Quem
999 1325 1148 1407 protinus

137 1412 208 1472 atra
230 1410 332 1473 nubes
356 1408 528 1472 subsecuta
552 1412 610 1492 est,
633 1409 784 1493 visaeque
807 1409 909 1474 nubes
933 1409 1086 1477 ardentes
1109 1411 1146 1476 de
1200 1494 1203 1500 Ι

135 1497 225 1561 coelo
248 1501 414 1580 tamquam
442 1495 530 1560 faces
554 1495 712 1581 decidere,
740 1499 788 1562 ita
815 1501 852 1563 ut
879 1499 1014 1564 incensu
1040 1522 1145 1566 earum

98 1607 123 1649 ιε
136 1587 226 1649 totus
253 1606 387 1669 campus
415 1584 551 1650 arderet.
596 1584 803 1652 Verebantur
831 1590 939 1652 autem
964 1588 1084 1669 dicere,
1110 1610 1148 1654 ne

138 1673 269 1737 deorum
293 1674 342 1737 ira
364 1677 538 1758 premeret,
566 1674 652 1758 quod
679 1675 778 1740 homo
801 1674 951 1740 Herculis
975 1675 1148 1763 Liberique

136 1761 276 1849 vestigia
305 1762 489 1848 transgredi
517 1765 652 1826 conatus
680 1785 794 1828 essem.
839 1764 926 1829 Iussi
952 1768 1066 1830 tamen
1093 1767 1149 1831 mi·

137 1850 211 1915 lites
245 1852 360 1917 scissas
392 1855 499 1916 vestes
533 1872 696 1934 opponere
730 1852 871 1937 ignibus.
923 1853 999 1919 Nox
1038 1876 1150 1920 serena

137 1941 291 2005 continuo
314 1939 440 2004 reddita
468 1943 518 2003 est
545 1940 641 2003 nobis
664 1941 841 2005 orantibus.
887 1941 970 2006 Tum
994 1943 1088 2028 ignes
1112 1966 1149 2008 ex

96 2051 123 2091 eo
136 2030 265 2113 integro
295 2027 511 2093 accenduntur
542 2031 576 2091 et
602 2028 643 2092 ab
676 2029 797 2094 securis
826 2030 941 2112 epulae
969 2031 1150 2117 capirmtur,

137 2122 170 2180 et
202 2117 311 2181 triduo
341 2117 494 2181 continuo
524 2116 594 2179 sine
627 2117 695 2180 sole
724 2119 811 2182 claro
844 2118 877 2182 id
907 2118 1002 2184 nobis
1035 2122 1150 2186 accidit

135 2206 295 2288 pendente
318 2205 436 2269 minaci
460 2205 580 2269 nubilo.

225 2293 270 2356 nt
301 2313 361 2377 ego
391 2292 526 2376 sepultis
558 2292 731 2358 admodum
761 2294 947 2379 quingentis
979 2297 1149 2382 militibus,

137 2381 192 2462 qui
216 2381 299 2445 inter
322 2381 412 2444 nives
431 2381 603 2465 perierant,
627 2386 734 2446 castra
752 2383 826 2447 inde
846 2384 964 2448 motari
982 2385 1148 2470 imperavi.

96 2490 123 2530 25
138 2467 222 2532 Nam
252 2474 284 2534 et
312 2467 399 2532 edita
425 2469 515 2533 coelo
539 2471 765 2553 promuntoria
788 2478 820 2536 et
844 2493 1000 2536 oceanum
1029 2476 1064 2538 in
1087 2474 1147 2540 Ae·

136 2557 260 2642 thiopia
288 2556 441 2641 vidimus,
469 2562 502 2622 et
524 2557 671 2642 Nysaeos
700 2580 826 2644 quoque
854 2561 993 2626 vidimus
1021 2568 1148 2628 montes

227 2844 240 2890 1
261 2837 290 2891 in
303 2837 409 2910 hieme]
424 2837 517 2893 hieme
525 2839 558 2893 L.
584 2856 640 2893 non
654 2837 746 2893 hieme
759 2839 790 2894 V.
817 2838 846 2893 in
860 2840 980 2911 aestate]
996 2844 1106 2898 aestate
1113 2841 1147 2896 L.

136 2909 263 2978 urguerit
276 2929 306 2961 ω.
349 2909 520 2978 tapriciore
534 2909 573 2964 H.
615 2910 791 2964 teeeiderat
806 2909 835 2965 0.
863 2910 1012 2967 accederat
1025 2913 1147 2971 ΕΗΒ.

136 2981 294 3035 accesserat
315 2979 347 3034 G.
376 2980 518 3034 acciderat
540 2981 571 3036 V.
601 2981 744 3036 deciderat
761 2981 800 3034 H.
854 2984 1074 3052 daggeration'c
1093 2985 1147 3041 Ed.

136 3051 226 3104 Busil.
247 3051 456 3121 aggerationem
465 3050 547 3106 Oodd.
587 3057 602 3105 9
621 3053 805 3120 proderentur
815 3072 844 3106 ω.
866 3052 1053 3122 proderentur
1073 3057 1102 3110 et
1111 3056 1147 3109 H.

135 3121 337 3191 prodirentque
349 3121 376 3176 0.
426 3127 459 3175 14
478 3121 592 3176 incensu
603 3143 631 3176 ω.
640 3122 671 3176 V.
697 3122 726 3176 in
741 3139 861 3177 accensu
871 3124 899 3178 0.
906 3124 941 3178 P.
967 3124 1100 3182 incendio
1111 3127 1147 3180 H.

137 3198 170 3246 15
190 3197 284 3247 autem
303 3209 354 3247 om.
374 3194 449 3249 ω.Η.
482 3209 518 3246 ne
537 3193 652 3248 deorum
668 3193 833 3249 G.M.V.H.
866 3211 922 3248 neu
940 3196 1058 3251 deorum
1072 3199 1145 3254 L.B.

136 3279 191 3317 neu
206 3280 224 3316 a
237 3264 353 3319 deorum
367 3281 507 3332 premerer
520 3263 563 3318 ira
574 3264 602 3320 C.
642 3270 674 3319 16
693 3266 777 3318 homo
792 3281 842 3320 om.
854 3265 922 3320 o.V.
945 3284 999 3336 ego
1014 3268 1100 3325 homo
1110 3269 1147 3322 Η.

139 3340 169 3387 17
190 3337 405 3390 temeramus.
434 3336 519 3405 igitur
537 3335 576 3390 H.
619 3341 653 3390 20
672 3335 776 3389 securis
795 3336 876 3390 nobie
896 3338 934 3391 H.
977 3344 1011 3391 21
1031 3357 1083 3409 per
1101 3338 1148 3394 tri-

137 3405 221 3458 duum
243 3405 271 3460 0.
309 3412 343 3460 23
363 3407 400 3459 Et
418 3407 492 3461 culi.
522 3410 551 3461 at
571 3407 599 3461 0.
640 3413 673 3460 26
692 3405 831 3477 Nysaeos]
851 3425 969 3475 nysseos
989 3410 1022 3465 G.
1052 3412 1147 3465 thene-

133 3490 219 3529 saeos
236 3476 269 3531 L.
301 3475 464 3532 thenesscos
485 3476 552 3532 dP.
580 3493 709 3532 anesseoe
723 3479 756 3531 B.
786 3494 901 3533 eneseos
915 3480 957 3535 M.
986 3481 1147 3537 enesiosH.

126 3543 307 3606 Teneseeos?
326 3551 362 3620 cs.
384 3549 481 3607 Strob.
496 3555 563 3607 770.
