2414 3826
407 164 535 221 OBITUS
553 163 777 221 ALEXANDRI.
1036 168 1099 232 135

84 329 231 395 adhaec
258 348 327 392 cam
351 326 492 411 primum
516 331 590 392 ortu
618 328 698 393 solis
726 329 782 393 lux
809 329 929 395 mundo
954 334 1005 395 est
1027 331 1098 396 red-

83 419 165 496 dita,
188 439 227 481 ex
249 417 367 481 vertice
391 417 516 481 arboris
541 420 636 482 acuta
659 418 818 500 quaedam
836 439 908 502 vox,
931 419 988 484 sed
1012 421 1100 489 enim

84 505 266 573 discrebilis
286 509 319 570 et
336 505 548 589 intelligenda
568 505 613 569 sic
632 505 770 590 adpulit:
795 503 980 590 ‘Completa
1001 505 1097 594 sunt,'

84 595 201 680 inquit,
211 592 284 658 ‘tibi
293 593 381 658 vitae
392 595 507 677 spatia,
518 615 599 678 quae
610 594 821 680 debebantur,
830 617 890 661 nec
900 596 1009 661 revehi
1021 619 1098 662 sene

83 686 127 749 ad
147 687 293 765 matrem,
311 686 348 746 ut
367 682 539 766 desideras,
556 683 689 766 poteris,
707 685 861 767 quoniam
879 685 938 750 illa
955 707 1042 751 mors
1061 687 1123 751 ins

83 772 267 855 Babylonia
276 773 320 835 sit
329 772 451 855 futura3
467 771 523 836 sed
534 770 625 836 sedes
635 772 782 855 corporis
792 773 891 856 longe
901 774 1027 840 diversa
1037 780 1096 842 est.

83 862 209 927 Verum
228 860 284 924 ubi
298 859 378 924 haec
393 861 454 925 tibi
467 859 543 924 finis
558 859 706 943 adfuerit,
724 882 800 926 mox
814 865 952 926 matrem
968 885 1095 948 quoque

82 972 150 1015 una
163 954 197 1014 et
211 949 382 1035 coniugem
397 949 558 1033 perituras
577 970 647 1013 esse
660 949 805 1013 tristiore
818 955 922 1014 morte
942 973 1009 1016 non
1028 975 1095 1017 am-

84 1040 189 1123 bigas,
210 1037 299 1102 Indis
323 1060 386 1102 una
408 1039 460 1103 vel
483 1037 592 1102 Persis
616 1037 714 1102 etiam
737 1038 988 1105 infestantibus?
1034 1041 1095 1105 His
1113 1051 1159 1102 43.

83 1127 260 1210 compertis
279 1127 451 1212 animoque
470 1127 510 1191 ad
528 1127 711 1191 necessaria
729 1126 931 1210 confirmato,
950 1132 1095 1194 moratus
1109 1151 1136 1191 ro

83 1216 154 1280 dies
171 1215 272 1279 ferme
287 1215 455 1280 duodecim
475 1216 516 1280 ad
529 1214 714 1280 Prasiacam
731 1215 864 1301 festin03
884 1219 916 1280 et
929 1216 1096 1283 Atilaniae

82 1304 287 1389 regionibus,
316 1327 452 1389 quarum
480 1304 690 1388 peragrandis
720 1305 849 1388 oppidis
871 1326 1025 1390 praesens
1048 1308 1096 1371 in·

81 1394 187 1458 tentio
212 1397 294 1474 erat,
322 1393 466 1457 debitam
490 1393 694 1476 diligentiam
717 1397 859 1478 praesto.
904 1394 994 1481 Ergo
1018 1395 1096 1460 Pra-

81 1482 172 1546 siaca
199 1486 385 1565 percursata
407 1481 539 1547 revenio
562 1481 744 1566 Persidem,
772 1483 862 1547 omni
890 1484 998 1550 studio
1021 1505 1095 1570 pro·

81 1592 201 1656 perans
221 1569 453 1635 Samiramidos
473 1591 601 1654 quoque
623 1592 709 1636 nunc
728 1592 864 1656 regnum
883 1572 995 1638 visere.
1033 1572 1136 1638 Sedis

82 1660 237 1744 quoniam
262 1659 302 1723 ad
326 1659 411 1724 hanc
433 1659 515 1722 mihi
533 1659 664 1723 interim
682 1660 780 1725 finem
803 1681 854 1725 res
874 1665 986 1744 gestae
1010 1666 1095 1744 sunt,

81 1769 122 1812 ea
149 1752 181 1812 te
210 1748 345 1812 scientia
367 1748 562 1832 participare
586 1748 725 1812 amicum
752 1748 823 1816 fuit.
870 1748 975 1825 Quare
998 1749 1094 1815 vale?

174 1834 231 1901 28.
256 1836 335 1901 Post
357 1837 452 1901 hasce
475 1837 603 1900 litteras
628 1836 668 1899 ad
690 1835 892 1901 Aristotelen
915 1838 1008 1902 datas
1058 1844 1159 1900 XVIII.

82 1925 191 2009 pergit
210 1925 266 2009 ire,
285 1930 321 1990 ut
341 1927 524 2009 scripserat,
543 1924 583 1987 ad
602 1921 833 1989 Samiramidos
852 1925 985 2008 regiam,
1009 1926 1094 2009 quod
1112 1931 1156 1980 44.

82 2014 140 2078 illo
171 2035 204 2078 se
235 2019 269 2077 et
298 2015 482 2098 opulentiae
510 2013 599 2078 fama
627 2012 763 2077 ducebat
791 2017 825 2077 et
852 2014 1093 2096 magnificentia
1107 2037 1134 2078 ao

81 2103 274 2187 pervulgata
302 2103 431 2187 imperii
454 2103 535 2167 satis
559 2100 676 2185 inclyti
704 2101 744 2165 ad
767 2101 922 2167 laborem.
969 2101 1094 2186 Quippe

83 2191 160 2254 urbs
191 2191 296 2256 omnis
326 2214 419 2256 muro
448 2213 545 2275 quam
573 2189 773 2255 validissimo
802 2193 851 2254 est
878 2191 1094 2276 circumsepta

82 2283 250 2364 portarum
278 2281 381 2345 valvis
413 2301 486 2344 aere
514 2279 566 2345 vel
595 2278 682 2344 ferro
713 2278 753 2343 ad
780 2279 1013 2344 firmitudinem
1041 2281 1094 2346 vel

81 2369 230 2432 decorem
257 2369 420 2452 impendio
444 2369 536 2434 fabre
559 2367 728 2452 possessis.
774 2366 876 2434 Omne
899 2391 974 2435 vero
1003 2370 1095 2455 oppi-

80 2458 159 2521 dum
174 2457 339 2541 quadratis
360 2458 456 2541 saxis,
475 2457 531 2522 sed
549 2457 638 2522 hisce
656 2479 723 2522 non
741 2458 902 2523 incuriose
919 2458 1094 2545 laevigatis
1108 2483 1135 2525 aa

80 2551 274 2629 congestum
303 2551 335 2611 et
363 2547 487 2611 cultum
510 2548 612 2611 visere
635 2568 703 2611 non
731 2548 853 2631 absque
879 2548 1094 2613 admiratione

81 2636 255 2699 visentium
277 2635 350 2700 fuit.
395 2635 570 2700 Enimvero
594 2636 708 2719 regina
732 2635 851 2719 oppido
876 2640 946 2701 erat
968 2641 1001 2701 et
1024 2636 1095 2720 pul·

80 2723 264 2802 chritudine
294 2725 513 2789 famosissima
543 2727 575 2788 et
607 2722 873 2788 commendabilis
906 2745 946 2787 ex
978 2728 1095 2808 aetate,

80 2811 166 2876 forte
189 2816 266 2877 tunc
285 2815 355 2879 viro
376 2813 480 2897 vidua,
504 2812 652 2896 quamvis
676 2814 780 2875 mater
803 2811 868 2875 iam
891 2811 991 2876 trium
1014 2812 1093 2877 libe·

80 2922 201 2965 rorum.
234 2898 296 2966 Sed
311 2903 448 2967 feminae
463 2922 582 2966 nomen
597 2898 743 2966 (landece
759 2898 885 2966 dicitur.
922 2899 1093 2984 Proneptis
1108 2926 1135 2966 ao

173 3116 186 3163 1
212 3128 274 3165 cum
297 3109 420 3180 primum
444 3112 516 3166 Mai.
544 3109 667 3179 primum
689 3108 724 3165 A.
767 3112 830 3165 ortu
854 3109 926 3165 Mai.
955 3112 1032 3165 ortua
1056 3111 1093 3165 A.

80 3188 97 3236 2
118 3197 152 3234 ex
170 3181 275 3236 vertice
295 3183 369 3239 Mai.
393 3185 423 3237 et
440 3183 545 3238 vertice
563 3183 599 3236 A.
637 3186 653 3236 5
672 3179 805 3250 quoniam
823 3182 930 3250 scripsi.
953 3198 1037 3249 quam
1056 3181 1092 3237 A.

81 3258 98 3306 8
117 3253 147 3306 id
166 3252 290 3306 tristiore
308 3255 344 3308 A.
401 3260 432 3307 11
453 3252 596 3307 Atilaniae
615 3252 651 3307 A.
677 3250 741 3307 aliia
762 3252 857 3305 Indiae
877 3253 946 3309 coni.
966 3252 1092 3307 Mueller.

83 3328 117 3377 16
136 3324 173 3377 ad
192 3325 265 3378 hanc
283 3326 390 3394 scripsi.
415 3324 452 3377 ad
470 3325 525 3379 huc
544 3323 617 3378 ΑΡ.
642 3324 678 3377 ad
696 3325 770 3377 hunc
788 3323 861 3378 Mai.

172 3393 221 3450 28.
256 3399 289 3450 18
312 3397 364 3448 has
390 3396 422 3449 P.
499 3400 530 3449 19
557 3394 633 3464 quod
657 3395 707 3448 illo
733 3410 762 3447 se
788 3395 824 3447 A.
858 3393 978 3462 quello
1005 3410 1034 3448 se
1060 3394 1093 3449 P.

80 3470 116 3520 20
135 3464 211 3520 fame
228 3466 265 3522 A.
297 3465 508 3534 magnificentia
526 3466 600 3522 Mat.
622 3465 777 3536 magnilica
796 3464 873 3520 AR.
934 3471 982 3517 <ax
992 3461 1117 3528 aarum·

76 3537 158 3602 gatto
174 3536 208 3590 P.
276 3542 311 3590 25
329 3536 375 3592 bis
394 3537 428 3593 P.
499 3544 535 3596 29
555 3540 651 3597 mater
669 3539 735 3596 iam
753 3555 809 3595 ora.
829 3535 871 3590 P-
