2414 3826
23 202 26 207 »
132 165 176 229 46
566 163 674 218 LIBER
692 164 713 218 I.
745 162 749 175 '

132 350 205 394 cum
230 327 448 410 cataphractis
472 326 557 391 viros
581 325 707 410 accipit,
731 325 816 409 quod
840 329 1024 391 armaturae
1043 347 1150 411 genus

132 417 266 481 orientis
298 416 442 481 inventio
474 418 537 497 est;
571 435 607 479 ac
637 418 706 478 tum
737 413 859 497 Tyrum
891 415 1031 478 advenit.
1085 414 1148 481 Sed

132 505 218 569 enim
241 504 336 588 Tyrii
363 503 532 568 moenibus
561 502 680 567 clausis
710 503 751 567 ab
779 503 928 587 ingressu
957 503 1069 588 oppidi
1098 527 1147 569 ar-

84 589 86 594 ’
132 615 203 658 cere
231 592 450 657 Alexandrum
479 591 747 675 obfirmaverunt,
776 613 843 655 non
871 594 1060 676 contemptu
1088 594 1147 658 sci·

104 682 208 747 ilicet
230 683 347 747 virium
370 681 457 746 tanti
481 679 636 760 nominis,
664 680 720 744 scd
744 679 866 744 oraculi
890 681 1057 744 cuiusdam
1081 704 1147 746 me·

131 793 251 851 mores,
281 792 344 855 quo
376 770 581 852 docerentur,
611 768 697 851 quod
728 768 755 831 si
784 790 840 831 rex
868 769 981 833 urbem
1010 768 1146 854 Tyriam

130 860 278 926 invectus
298 880 371 923 oum
388 859 532 923 exercitu
545 857 760 939 transivisset,
778 857 911 922 fortuna
924 861 1001 922 tunc
1015 858 1146 941 lapsum

131 949 250 1033 oppido
279 948 466 1012 minaretur.
517 945 700 1010 Alexander
729 948 840 1009 tamen
869 967 941 1011 cum
971 947 1146 1012 admolitus

130 1037 317 1102 violentiam
333 1037 487 1120 oppidum
508 1037 641 1118 cuperet
658 1034 842 1119 subiugare,
862 1035 997 1119 ancipiti
1010 1037 1146 1121 proelia,

90 1151 116 1190 10
130 1127 241 1190 multis
268 1126 367 1190 etiam
390 1123 604 1190 Macedonum
633 1122 735 1187 caesis
764 1144 801 1188 aa
824 1123 1001 1188 vulneratis
1029 1124 1142 1207 pedem

129 1214 236 1278 refert.
278 1213 411 1277 Praeter
431 1211 512 1276 illud
530 1212 631 1294 igitur
652 1211 741 1293 prius
761 1212 1043 1295 magnanimitatis
1068 1235 1145 1278 suae

130 1303 273 1367 studium
301 1301 367 1366 iam
396 1300 493 1365 etiam
520 1299 747 1383 indignatione
777 1300 954 1365 ferventior
984 1301 1143 1366 excidium

129 1390 234 1474 Tyriis
258 1390 444 1454 minabatur
464 1390 565 1472 deque
589 1408 626 1451 ea
649 1409 684 1452 re
708 1392 850 1454 somniat
873 1389 1039 1454 admoneri
1063 1411 1144 1474 sese,

128 1501 168 1541 ne
198 1479 395 1563 legationem
427 1477 477 1541 sui
506 1477 627 1561 'Pyrum
657 1497 716 1560 per
747 1499 817 1543 sese
847 1477 962 1561 faciat3
990 1478 1025 1543 id
1056 1479 1143 1544 enim

89 1591 115 1632 15
129 1567 235 1631 animo
259 1566 533 1651 praedestinabat.

217 1653 276 1720 36.
308 1654 418 1719 Missis
441 1655 543 1740 igitur
566 1654 775 1719 internuntiis
799 1655 926 1719 litteras
955 1655 1010 1720 dat
1034 1655 1142 1740 Tyriis
1162 1668 1205 1719 40.

127 1743 350 1827 perferendas,
375 1766 509 1828 quarum
535 1744 697 1808 sententia
719 1743 799 1809 baec
823 1747 886 1808 est:
914 1743 1143 1809 ‘Macedonum

127 1855 192 1910 rex,
214 1832 302 1897 filius
326 1832 498 1897 Ammonis
521 1832 742 1917 Philippique,
765 1853 821 1897 rex
844 1853 958 1917 regum
982 1834 1143 1898 maximus

127 1922 227 1986 Asiae
262 1943 318 1987 seu
350 1921 500 2007 Europae
533 1922 585 1985 vel
616 1920 754 2005 Libyae,
791 1920 901 2004 Tyriis
937 1920 1018 1986 haec
1053 1921 1142 1989 dicit.

87 2036 113 2076 ao
127 2010 288 2096 Equidem
319 2009 479 2077 Graecum
510 2013 543 2074 et
574 2010 741 2094 imperiala
772 2009 942 2075 videbatur
972 2032 1045 2075 cum
1078 2011 1142 2076 cle-

126 2100 251 2165 mentia
273 2100 396 2183 pariter
420 2122 457 2164 ac
480 2098 605 2163 iustitia
628 2099 739 2164 invehi
762 2099 875 2163 urbem
899 2104 1050 2164 vestram.
1096 2100 1143 2164 At

127 2189 213 2252 enim
229 2209 286 2252 vos
301 2189 398 2271 primi
417 2187 561 2252 omnium
576 2187 759 2271 exstitistis,
778 2189 833 2271 qui
850 2187 931 2251 mibi
944 2188 1141 2253 insolentius

127 2277 313 2342 obviaretis.
360 2276 468 2361 Igitur
490 2298 548 2360 per
569 2297 628 2340 vos
652 2277 768 2341 ceteris
792 2276 890 2340 etiam
914 2277 1140 2362 magisterium

53 2399 55 2403 ,
125 2364 366 2449 procurabitur,
395 2364 471 2449 quid
493 2365 609 2429 virium
634 2364 677 2428 sit
704 2365 738 2428 in
762 2363 974 2429 Macedonum
999 2365 1140 2430 dexteris

85 2477 111 2517 rs
127 2473 164 2516 ac
186 2453 391 2537 fortitudine3
418 2474 523 2537 neque
551 2453 638 2516 enim
661 2475 719 2517 vos
747 2455 873 2518 iuvabit
901 2454 1023 2519 oraculi
1050 2455 1140 2520 illius

125 2542 268 2606 iactatio.
320 2540 555 2628 Transgrediar
586 2541 671 2605 enim
702 2542 857 2626 oppidum
888 2545 1050 2626 vestrum,
1082 2544 1139 2607 sed

125 2629 267 2695 dirutum
287 2633 383 2714 atque
403 2631 579 2695 disiectum.
620 2629 744 2714 Valete,
768 2632 796 2695 si
815 2632 944 2713 sapitis:
966 2653 1033 2696 non
1053 2633 1138 2696 enim

124 2719 291 2803 valebitis,
325 2720 352 2783 si
384 2717 620 2802 perseveratis?
673 2718 735 2783 His
768 2720 887 2784 litteris
919 2720 1013 2784 lectis
1045 2720 1139 2804 Tyrii
1157 2732 1200 2783 41.

124 2809 280 2891 primates
303 2808 431 2893 legatos
454 2808 603 2894 protinus
632 2808 752 2892 corripi
779 2808 892 2873 iubent
919 2808 1029 2892 eisque
1057 2809 1139 2873 mul-

214 3041 228 3088 1
248 3037 423 3090 armaturaeo
443 3036 524 3089 tenus
543 3041 570 3090 Τ.
614 3040 630 3089 3
649 3033 752 3090 clausis
770 3040 799 3087 Τ.
824 3035 960 3091 obseratis
979 3036 1014 3092 A.
1038 3052 1090 3091 om.
1104 3037 1137 3093 P.

123 3106 241 3175 ingressi
252 3107 285 3161 P.
322 3112 340 3159 4
355 3104 576 3161 obfirmaverunt
582 3107 617 3162 A.
626 3106 661 3161 P.
675 3104 874 3174 obsignaverat
880 3113 907 3161 Τ.
928 3107 1092 3176 contemptu
1100 3108 1149 3162 A.-

125 3178 256 3247 contepto
282 3182 310 3232 Τ.
340 3179 487 3231 contentus
508 3177 543 3231 P.
652 3184 666 3232 7
692 3176 806 3232 fortuna
830 3180 896 3232 tunc
922 3178 1033 3247 lapsum
1059 3178 1136 3233 A.P.

123 3246 253 3303 fortunae
272 3249 339 3302 tunc
357 3248 468 3316 lapsum
486 3247 584 3318 oppidi
602 3247 813 3304 dominarentur
831 3255 859 3302 Τ,
892 3249 1021 3303 fortunae
1039 3249 1136 3318 lapsus

122 3319 223 3374 Eberlr.
243 3321 276 3386 cf.
293 3337 324 3388 p.
339 3323 383 3386 44,
398 3323 441 3374 16.
541 3323 574 3372 11
594 3318 681 3388 igitur
700 3321 768 3374 M.
792 3319 879 3375 etiam
897 3320 929 3375 P.
1027 3325 1059 3373 12
1079 3321 1137 3374 iam

123 3390 209 3444 etiam
227 3391 296 3446 M.
325 3390 381 3445 iam
403 3391 436 3446 P.
529 3395 561 3444 13
580 3389 726 3444 admoneri
744 3396 771 3444 Τ.
799 3393 907 3446 moneri
924 3391 1001 3445 A.P.

210 3460 260 3515 36.
286 3467 318 3515 17
337 3459 492 3515 sententias
510 3460 544 3515 P.
601 3467 634 3515 19
654 3476 702 3514 seu
721 3477 771 3516 om.
791 3461 824 3518 P.
879 3467 914 3516 24
933 3461 970 3516 sit
987 3461 1019 3516 in
1036 3477 1087 3517 om.
1107 3468 1135 3516 Τ.

105 3533 145 3578 25
158 3529 362 3585 certitudinem
384 3537 409 3588 Τ,
448 3529 561 3588 iubabit
581 3538 609 3588 Τ.
682 3536 715 3586 2¹1
736 3531 813 3587 enim
830 3549 881 3587 our.
901 3533 933 3588 P.
