2414 3826
158 169 221 235 188
312 167 529 224 ALEXANDRI
547 166 626 222 CUM
644 167 804 223 DINDIMO
824 165 1017 227 conanum.

155 353 222 397 non
255 331 392 396 alieuius
423 329 675 413 temperamenti
703 329 884 396 moderatio
911 331 1102 414 gubernans
1125 331 1164 396 fa

155 423 242 484 ceret
270 420 419 484 tristibus
449 420 536 483 laeta
565 419 748 502 succedere,
777 418 939 503 siquidem
967 419 1070 484 variis
1097 421 1164 485 easi-

34 548 37 554 >
155 509 217 573 bus
240 509 391 573 voluntas
409 508 554 572 humana
576 513 610 573 et
632 508 820 572 mortalium
838 529 930 572 mens
953 509 1031 592 ipsa
1049 508 1167 574 diversa

157 597 201 661 sit
238 619 275 661 aa
306 618 367 680 pro
400 596 622 661 vicissitudine
657 600 843 680 temporum
879 596 1030 662 motibus
1068 618 1168 663 causa·

130 707 230 749 arum
254 707 383 770 semper
405 688 546 768 aptatur.
592 684 785 751 Animorum
813 685 893 770 quin
921 686 1026 750 ctiam
1056 687 1168 770 species

157 796 231 839 cum
255 774 337 839 coeli
361 775 545 839 mutatione
567 777 738 838 vertuntur
765 777 800 840 ct
824 773 947 858 liquido
971 774 1105 857 quidem
1126 775 1169 840 die

156 863 278 948 nitent,
306 867 420 928 coacta
442 883 520 928 vero
547 863 633 926 nube
660 862 828 928 fatiscunt.
871 862 1028 946 Ipsorum
1052 885 1169 949 quoque

158 974 312 1017 sensnum
330 953 416 1016 ratio
435 973 501 1017 non
520 952 627 1016 minus
646 951 811 1015 instabilis
829 950 1060 1036 videturesse,
1082 973 1169 1036 quan

158 1041 345 1125 multiplex,
374 1045 408 1105 et
434 1062 501 1105 non
529 1040 634 1104 solum
661 1040 773 1122 rebus,
802 1039 859 1104 sed
886 1039 985 1104 etiam
1016 1042 1167 1106 aetatibus

118 1153 145 1193 ro
159 1130 358 1194 immutatur.
413 1129 499 1194 Hinc
529 1131 594 1210 est,
625 1128 710 1211 quod
740 1128 951 1212 simplicitate
981 1130 1107 1213 gaudet
1131 1131 1168 1193 in·

159 1219 272 1302 fantis,
295 1219 479 1282 temeritate
498 1217 648 1281 iuventus
671 1217 821 1301 exsultat,
844 1217 981 1282 canities
1005 1218 1166 1284 imbecilli

159 1311 229 1371 tate
253 1307 408 1371 tardatur.
456 1304 534 1380 Quis
563 1306 650 1370 enim
679 1309 736 1370 aut
764 1304 931 1370 audaciam
956 1308 1167 1391 astutiamque

160 1396 297 1477 requirit
325 1394 361 1458 in
383 1415 483 1479 puero
512 1395 626 1458 autin
651 1393 855 1459 adolescente
878 1396 1100 1460 constantiam
1122 1399 1167 1460 aut

160 1482 379 1546 mobilitatem
403 1483 508 1565 poscit
530 1483 565 1546 in
584 1483 720 1548 vetulo?
755 1482 860 1548 Multa
883 1487 968 1565 sunt,
991 1505 1078 1566 quae
1096 1483 1166 1549 risui

122 1593 148 1632 15
163 1573 293 1648 nostro,
325 1571 389 1634 alia
419 1592 500 1654 quae
531 1571 671 1655 auditui,
699 1572 861 1636 nonnulla
890 1593 972 1656 quae
1002 1573 1099 1637 odori
1125 1572 1167 1638 rel

161 1659 265 1721 tactui
288 1660 339 1723 vel
364 1659 473 1743 sapori
496 1660 694 1743 voluptuosa
717 1664 921 1744 succurrunt,
944 1661 1067 1744 quibus
1090 1683 1166 1727 aeru-

161 1768 319 1832 mnarum,
343 1769 423 1831 quas
442 1769 481 1811 ex
500 1748 613 1813 labore
633 1749 865 1833 contrahimus,
886 1749 1070 1815 mulceatur
1088 1770 1167 1835 aspa

161 1836 257 1919 ritas,
282 1841 315 1901 et
336 1837 385 1901 ita
408 1837 503 1901 modo
528 1837 772 1922 saltationibus,
795 1838 891 1903 modo
915 1837 1069 1904 cantibus
1092 1840 1168 1904 oble

162 1931 298 2008 ctamur,
315 1946 560 2008 nonnumquam
579 1926 679 1990 etiam
699 1927 859 1991 suavitate
878 1926 987 1991 odoris
1006 1929 1062 1993 vel
1081 1931 1167 2013 gustu

120 2037 146 2076 so
162 2015 340 2079 dulcedinis
374 2019 431 2079 aut
463 2018 631 2079 contactus
664 2015 784 2080 blanda
816 2015 955 2080 mollitie
988 2016 1167 2082 refovemur.

161 2103 306 2178 Quorum
330 2105 476 2168 omnium
495 2104 591 2168 nobis
611 2108 793 2189 suggerunt
811 2104 975 2168 elementa
998 2108 1169 2188 materiam,

161 2213 243 2276 quse
276 2193 373 2256 ctiam
406 2193 493 2257 vitae
527 2199 658 2257 nostrae
694 2192 870 2257 creduntur
903 2213 974 2257 esse
1009 2193 1168 2279 principia

161 2279 307 2354 Quorum
342 2281 559 2362 permixtione
592 2281 757 2345 contraria
792 2281 925 2346 humani
963 2284 1096 2366 generis
1130 2283 1169 2347 ita

161 2369 325 2430 structura
360 2368 528 2452 conditur,
564 2373 602 2433 ut
638 2370 887 2453 unumquodque
925 2371 992 2434 suis
1030 2372 1169 2455 partibus

121 2476 147 2517 rs
162 2454 366 2519 satisfaciens
396 2457 455 2520 sub
480 2456 722 2542 dispensatione
745 2458 840 2523 nobis
868 2458 995 2523 tribuat
1017 2460 1170 2526 familiare

162 2542 357 2629 subsidium,
394 2566 457 2628 quo
493 2547 596 2611 moles
631 2567 786 2630 corporea
821 2548 987 2630 sapienter
1018 2547 1171 2614 fabricata

252 2760 271 2808 1·
294 2755 464 2823 gubernaret
492 2757 522 2810 et
542 2754 579 2808 B.
661 2761 677 2809 5
706 2773 816 2826 semper
840 2772 891 2812 om.
913 2755 949 2811 R.
987 2760 1119 2826 raptatur
1139 2756 1169 2811 B.

161 2825 242 2893 aptat
260 2825 446 2891 cogitationes
467 2827 501 2880 P.
534 2826 690 2880 animarum
708 2827 742 2881 L.
816 2825 1026 2884 6111111111.
1104 2827 1149 2884 uf
1161 2855 1171 2866 ·

160 2896 273 2949 tescunt
293 2895 366 2950 L.P.
400 2912 510 2980 quoque
534 2897 677 2968 sensuum]
700 2913 768 2952 vero
791 2915 905 2979 casuum
928 2898 964 2952 Β.
1048 2896 1170 3021 erebus]

161 2982 236 3118 {ru
253 2967 555 3093 taceretur
577 2967 997 3108 sinuaretur-,m
1020 2975 1078 3096 e?
1096 2970 1171 3096 11

161 3125 232 3162 cram
253 3108 288 3163 B.
327 3109 474 3163 scientiam
496 3109 529 3163 P.
623 3116 654 3165 1³
674 3111 801 3179 requirat
818 3110 854 3165 R.
892 3112 1095 3185 constantiam]
1113 3127 1170 3166 con·

160 3177 309 3232 tinentiam
336 3179 369 3233 L.
461 3185 496 3233 14
518 3183 618 3249 poscat
643 3181 718 3236 RB.
811 3187 843 3236 15
868 3182 959 3253 odori]
986 3181 1120 3238 odoratui
1140 3179 1169 3234 B.

162 3255 195 3302 16
215 3249 291 3302 actui
313 3249 348 3305 L.
357 3250 389 3305 P.
484 3257 516 3305 18
535 3250 752 3308 salutationibus
775 3252 811 3306 L.
904 3253 1046 3308 lectiam
1069 3271 1117 3310 om.
1139 3252 1169 3307 B.

161 3324 196 3373 10
215 3323 374 3375 contractus
393 3321 429 3376 R.
461 3320 568 3377 blanda
582 3353 615 3362 —
632 3328 665 3378 18
685 3322 870 3393 permixtione
889 3339 940 3378 om.
958 3323 996 3380 Β.
1068 3331 1103 3380 11
1121 3338 1169 3378 ere

162 3389 263 3444 dentur
282 3391 314 3445 P.
406 3397 440 3447 13
459 3393 662 3462 praemixtione
685 3396 721 3450 R.
759 3395 874 3449 humani
896 3395 1008 3464 generis
1031 3413 1083 3452 ona
1102 3392 1169 3450 ΒΡ.

160 3460 202 3513 ita
221 3460 257 3513 1r.
286 3477 336 3516 om.
356 3469 402 3518 cet.
469 3470 504 3519 11
523 3471 554 3519 ut
572 3465 607 3520 R.
636 3465 666 3520 et
684 3472 731 3522 cet.
768 3471 802 3520 15
821 3465 921 3521 tribuit
937 3466 974 3522 B.
1002 3466 1125 3523 familias
1141 3462 1168 3517 L.

151 3529 362 3590 familiaritatis
381 3535 416 3592 P.
