2414 3826
404 193 531 249 OBITUS
549 193 770 249 ALEXANDRI.
1029 194 1093 259 165

171 354 231 423 57.
251 356 337 421 Dato
357 357 457 440 igitur
474 357 538 421 hoo
556 378 712 439 responso
730 357 840 422 nullus
860 357 1007 422 omnium
1042 363 1155 422 XXXII.

79 446 264 530 refragatus
285 451 343 529 est,
363 447 441 529 quin
461 447 509 508 ita
527 445 628 529 fieret,
649 450 686 509 ut
705 444 782 510 deus
802 447 951 510 iusserat.
988 445 1096 532 Igitur
1112 449 1158 500 91.

80 535 116 599 in
138 535 324 620 Aegyptum
349 556 467 619 corpus
491 533 668 598 Alexandri
692 533 857 598 ferebatur
881 534 1003 599 feretro
1027 535 1096 619 qui·
1202 537 1205 542 ’

81 623 154 687 dem
181 624 336 704 regaliter
363 626 535 705 exornato,
563 623 779 687 tumultuario
807 644 884 687 vero
913 624 1095 689 conditorio

81 734 98 776 e
131 711 259 795 plumbi
292 713 447 796 materia,
485 733 613 795 quoque
646 715 734 775 esset
764 712 964 795 unguinibus
997 717 1123 798 atquae

79 801 268 886 pigmentis,
293 822 375 884 quae
393 799 561 864 servandis
581 800 771 882 corporibus
796 804 879 885 sunt,
902 801 1006 866 tutius
1025 823 1097 886 per·

80 911 222 953 manere.
264 887 385 953 Vectus
408 889 513 974 igibur
535 911 656 972 pompa
679 889 893 973 vehiculoque
915 890 1019 974 regali
1044 890 1098 955 obi

80 978 123 1042 ad
146 977 313 1042 Pelusium
342 977 458 1041 advehi
482 978 651 1042 nuntiatus
680 980 744 1061 est,
773 999 885 1042 omnes
914 978 1021 1042 eiusce
1049 1000 1096 1042 re-

81 1066 189 1149 gionis
218 1087 368 1148 proceres
397 1089 434 1131 ao
463 1066 645 1131 sacerdotes
672 1088 738 1130 una
765 1087 838 1130 cum
867 1065 930 1130 diis
959 1088 996 1130 ao
1023 1067 1099 1131 reli·

80 1155 233 1240 gionibus
251 1156 318 1218 suis
334 1155 463 1219 obviam
478 1175 674 1237 processere,
692 1153 853 1220 iuniorem
868 1151 1097 1219 Sesonchosim
1112 1177 1138 1217 ιο

80 1244 235 1308 venerati.
264 1242 405 1307 Vulcani
424 1265 551 1328 quoque
570 1264 643 1306 eum
663 1244 882 1327 appellatione
901 1244 1098 1328 salutabant,

81 1332 169 1417 quod
199 1332 285 1396 hunc
316 1354 394 1414 prae
422 1335 547 1397 ceteros
576 1330 671 1396 deum
698 1333 755 1397 illa
781 1354 858 1416 pars
885 1332 1099 1398 arbitraretur

80 1421 225 1485 orientis.
262 1419 440 1486 Enimvero
461 1421 544 1485 exim
564 1442 603 1484 ex
622 1420 786 1485 sententia
804 1421 972 1486 numinum
1018 1427 1144 1484 XXXIII.

79 1509 256 1594 prophetes
285 1509 380 1574 docet
406 1531 475 1573 non
503 1509 588 1594 apud
610 1508 791 1594 Memphim
815 1531 942 1574 sacmm
971 1532 1097 1594 corpus,
1115 1513 1160 1565 92.

80 1620 194 1663 verum
221 1597 453 1662 Alexandriam
481 1598 614 1681 pervehi
642 1602 805 1682 oportere,
834 1599 920 1682 quod
948 1599 997 1663 illi
1025 1600 1096 1664 loco
1111 1621 1137 1662 ιι

81 1690 114 1751 et
144 1691 256 1751 auctor
284 1686 433 1751 conditus
461 1686 561 1750 fuerit
588 1691 621 1749 et
648 1688 752 1752 tutela
778 1688 829 1751 vel
858 1687 1000 1751 maxima
1027 1710 1097 1771 per-

80 1780 179 1859 petuo
194 1775 304 1839 futura
322 1779 520 1840 nosceretur.
553 1774 690 1840 Perinde
710 1776 797 1839 enim
812 1776 1098 1858 inexpugnabilem

82 1865 190 1928 locum
213 1864 309 1928 illum
331 1863 511 1949 praesagiis
535 1863 639 1946 nosci,
660 1866 698 1927 ut
720 1864 790 1948 ipse
810 1885 937 1947 quoque
961 1864 1099 1928 indefes-

83 1975 140 2017 sae
167 1953 297 2016 virtutis
327 1956 377 2016 est
404 1952 547 2017 habitus.
593 1951 743 2034 Erigitur
771 1956 849 2034 e'rgo
878 1952 973 2015 aedes
1002 1973 1099 2035 quam

83 2041 226 2105 maximo
247 2063 343 2125 opere
364 2041 403 2105 ad
422 2041 529 2105 instar
547 2039 671 2122 templi,
694 2039 781 2122 quod
804 2040 903 2103 etiam
921 2061 1006 2104 nunc
1024 2040 1098 2103 Ale·
1113 2062 1140 2102 ao

81 2130 198 2194 xandri
214 2131 412 2195 nominatur.
446 2129 517 2206 Quo
536 2128 592 2193 ubi
606 2129 749 2212 primum
768 2131 973 2193 consecratas
1019 2133 1144 2190 XXXIV.

82 2218 238 2302 reliquias
261 2219 414 2302 intulere,
442 2219 549 2282 visum
572 2217 761 2282 Ptolomaeo
790 2220 840 2280 est
867 2219 1099 2281 testamentum

83 2329 227 2391 quoque,
250 2308 335 2391 quod
359 2307 534 2389 scripserat
556 2307 711 2390 moriens,
733 2305 862 2390 publice
886 2306 1031 2391 recitari,
1052 2306 1099 2371 id·

83 2418 147 2479 que
170 2397 289 2460 lectum
319 2399 369 2460 est
397 2395 498 2474 ferme
527 2395 567 2460 ad
595 2394 679 2459 hanc
703 2395 903 2461 sententiam
927 2396 1097 2479 scriptum:
1113 2420 1140 2460 rs

177 2483 235 2550 58.
261 2484 470 2565 Alexander,
493 2506 549 2548 rex
572 2483 799 2569 Macedonum,
822 2484 907 2549 dicit.
953 2485 1100 2549 Primum
1119 2497 1163 2552 93.

83 2573 203 2636 mando
227 2573 386 2657 iubeoque
410 2573 638 2656 Arrhidaeum,
661 2572 804 2658 Philippi
827 2574 945 2656 filium,
968 2575 1099 2638 interim

174 2851 222 2907 57.
245 2859 256 2904 1
277 2853 332 2907 hoc
350 2869 401 2908 om.
417 2855 452 2909 A.
503 2853 608 2906 2deus
622 2851 657 2906 A.
687 2869 789 2905 numen
805 2851 839 2907 P.
888 2858 943 2906 3o
963 2852 1097 2908 ‘feretro'

82 2937 169 3047 pegae
192 2924 231 3048 {ld
258 2928 290 3048 13
309 2923 528 3049 {rarbitratpethrt
541 2922 823 3048 ffentis’bor‘rltddl}
881 2929 898 3048 ξ
918 2921 1005 3045 tullius
1025 2925 1099 3047 ligat.

98 3008 173 3046 oms
221 3037 227 3048 .
337 3011 415 3049 eous
458 3038 464 3049 .
576 3011 613 3048 αι.
657 3010 706 3046 ιιι
781 3011 830 3047 ιι.
916 3010 1099 3047 re1ron1us

85 3064 157 3118 Mat.
186 3065 348 3136 regionibus
362 3067 397 3119 A.
454 3072 485 3120 11
505 3065 631 3119 venerati
646 3065 718 3118 Mai.
737 3066 854 3119 venerat
867 3063 902 3120 A.
923 3010 988 3118 euni
1001 3064 1099 3120 Selloe.

83 3136 130 3188 est
147 3136 182 3189 A.
264 3141 296 3189 12
316 3137 424 3190 ceteros
443 3139 479 3192 A.
508 3135 608 3190 ceteris
629 3137 703 3190 Mai.
787 3139 820 3188 13
840 3137 889 3189 sed
908 3151 942 3189 ex
960 3135 1100 3190 sententia

83 3206 233 3260 numinum
265 3206 416 3276 prophetes
450 3208 548 3274 docet,
581 3207 656 3275 apud
686 3206 875 3260 alexandriam
908 3223 1008 3274 corpus
1036 3221 1099 3275 per·

84 3277 151 3331 vehi
171 3280 300 3346 oportere
321 3279 354 3334 P.
407 3284 439 3332 16
462 3278 550 3331 Verba
566 3278 606 3331 ‘et
620 3277 789 3332 tutela-19
805 3278 847 3330 est
860 3276 985 3331 habitus'
1001 3292 1051 3331 om.
1067 3277 1099 3331 P.

85 3353 119 3400 21
146 3349 234 3403 Verba
258 3349 329 3416 ‘quo
353 3348 585 3402 ubi-intulere'
606 3365 656 3402 om.
678 3349 726 3415 P.,
749 3350 797 3415 qai
819 3350 861 3403 ito
879 3349 986 3417 perpet:
1008 3347 1100 3402 visum

86 3421 130 3472 est
148 3420 233 3473 etiam
252 3420 404 3476 tholomeo.
478 3426 512 3473 23
532 3435 644 3488 quoquo
662 3435 712 3475 om.
731 3419 765 3472 P.

84 3491 223 3614 A‘tffi
241 3492 478 3617 Aplmaoedonem
499 3491 532 3545 P.
605 3496 642 3546 ‘It
659 3489 747 3544 iubeo
767 3490 803 3543 P.
833 3489 1032 3541 sumnam
1041 3485 1130 3535 Inda.

110 3578 148 3615 ιιι
162 3577 223 3614 eum
271 3605 276 3615 .
311 3605 316 3617 .
