<?xml version="1.0" encoding="UTF-8"?>
<!DOCTYPE html PUBLIC "-//W3C//DTD XHTML 1.0 Transitional//EN"
    "http://www.w3.org/TR/xhtml1/DTD/xhtml1-transitional.dtd">
<html xmlns="http://www.w3.org/1999/xhtml" xml:lang="en" lang="en">
 <head>
  <title>
</title>
<meta http-equiv="Content-Type" content="text/html;charset=utf-8" />
  <meta name='ocr-system' content='tesseract 3.04.00' />
  <meta name='ocr-capabilities' content='ocr_page ocr_carea ocr_par ocr_line ocrx_word'/>
</head>
<body>
  <div class='ocr_page' id='page_1' title='image "./iulivalerialexa00valegoog_0144.png"; bbox 0 0 2414 3826; ppageno 0'>
   <div class='ocr_carea' id='block_1_1' title="bbox 437 186 1120 256">
    <p class='ocr_par' dir='ltr' id='par_1_1' title="bbox 437 186 1120 256">
     <span class='ocr_line' id='line_1_1' title="bbox 437 186 1120 256; baseline 0.025 -16"><span class='ocrx_word' id='word_1_1' title='bbox 437 186 554 243; x_wconf 82' lang='lat' dir='ltr'>AOTUS</span> <span class='ocrx_word' id='word_1_2' title='bbox 572 186 799 247; x_wconf 71' lang='lat' dir='ltr'>Atuxatubal.</span> <span class='ocrx_word' id='word_1_3' title='bbox 1057 191 1120 256; x_wconf 83' lang='grc'>107</span> 
     </span>
    </p>
   </div>
   <div class='ocr_carea' id='block_1_2' title="bbox 102 348 1185 2808">
    <p class='ocr_par' dir='ltr' id='par_1_2' title="bbox 105 348 1121 612">
     <span class='ocr_line' id='line_1_2' title="bbox 107 348 1121 437; baseline 0.004 -21"><span class='ocrx_word' id='word_1_4' title='bbox 107 349 195 435; x_wconf 91' lang='lat' dir='ltr'>quod</span> <span class='ocrx_word' id='word_1_5' title='bbox 216 348 328 417; x_wconf 90' lang='lat' dir='ltr'>tuendi</span> <span class='ocrx_word' id='word_1_6' title='bbox 351 349 402 416; x_wconf 87' lang='lat' dir='ltr'>sui</span> <span class='ocrx_word' id='word_1_7' title='bbox 425 349 534 435; x_wconf 80' lang='lat' dir='ltr'>gratia</span> <span class='ocrx_word' id='word_1_8' title='bbox 556 371 658 435; x_wconf 86' lang='lat' dir='ltr'>usque</span> <span class='ocrx_word' id='word_1_9' title='bbox 683 351 724 418; x_wconf 88' lang='lat' dir='ltr'>ad</span> <span class='ocrx_word' id='word_1_10' title='bbox 747 351 857 418; x_wconf 81' lang='lat' dir='ltr'>desem</span> <span class='ocrx_word' id='word_1_11' title='bbox 880 352 1038 437; x_wconf 79' lang='lat' dir='ltr'>vigintive</span> <span class='ocrx_word' id='word_1_12' title='bbox 1061 353 1121 420; x_wconf 92' lang='lat' dir='ltr'>ho-</span> 
     </span>
     <span class='ocr_line' id='line_1_3' title="bbox 106 438 1119 523; baseline 0.003 -17"><span class='ocrx_word' id='word_1_13' title='bbox 106 441 230 506; x_wconf 89' lang='lat' dir='ltr'>minum</span> <span class='ocrx_word' id='word_1_14' title='bbox 249 459 419 505; x_wconf 88' lang='lat' dir='ltr'>numerum</span> <span class='ocrx_word' id='word_1_15' title='bbox 441 457 620 523; x_wconf 79' lang='lat' dir='ltr'>congreges</span> <span class='ocrx_word' id='word_1_16' title='bbox 643 438 771 506; x_wconf 85' lang='lat' dir='ltr'>facient.</span> <span class='ocrx_word' id='word_1_17' title='bbox 808 438 923 507; x_wconf 77' lang='lat' dir='ltr'>Cetera</span> <span class='ocrx_word' id='word_1_18' title='bbox 945 441 1119 509; x_wconf 87' lang='lat' dir='ltr'>multitudo</span> 
     </span>
     <span class='ocr_line' id='line_1_4' title="bbox 105 525 794 612; baseline 0.003 -20"><span class='ocrx_word' id='word_1_19' title='bbox 105 550 167 612; x_wconf 95' lang='lat' dir='ltr'>pro</span> <span class='ocrx_word' id='word_1_20' title='bbox 190 527 405 592; x_wconf 79' lang='lat' dir='ltr'>rebellatione</span> <span class='ocrx_word' id='word_1_21' title='bbox 428 528 461 592; x_wconf 90' lang='lat' dir='ltr'>et</span> <span class='ocrx_word' id='word_1_22' title='bbox 483 525 610 594; x_wconf 83' lang='lat' dir='ltr'>hostico</span> <span class='ocrx_word' id='word_1_23' title='bbox 634 529 794 612; x_wconf 86' lang='lat' dir='ltr'>punietur.</span> 
     </span>
    </p>

    <p class='ocr_par' dir='ltr' id='par_1_3' title="bbox 102 613 1185 2808">
     <span class='ocr_line' id='line_1_5' title="bbox 196 613 1185 685; baseline -0.001 -4"><span class='ocrx_word' id='word_1_24' title='bbox 196 613 255 682; x_wconf 81' lang='lat'>36.</span> <span class='ocrx_word' id='word_1_25' title='bbox 291 614 549 682; x_wconf 84' lang='lat' dir='ltr'>Mereaturarum</span> <span class='ocrx_word' id='word_1_26' title='bbox 576 636 728 682; x_wconf 84' lang='lat' dir='ltr'>versurae</span> <span class='ocrx_word' id='word_1_27' title='bbox 755 617 822 683; x_wconf 89' lang='lat' dir='ltr'>sint</span> <span class='ocrx_word' id='word_1_28' title='bbox 848 618 961 685; x_wconf 89' lang='lat' dir='ltr'>itidem</span> <span class='ocrx_word' id='word_1_29' title='bbox 992 621 1030 684; x_wconf 91' lang='lat' dir='ltr'>ut</span> <span class='ocrx_word' id='word_1_30' title='bbox 1058 619 1118 684; x_wconf 88' lang='lat' dir='ltr'>sub</span> <span class='ocrx_word' id='word_1_31' title='bbox 1137 626 1185 681; x_wconf 73' lang='lat'>40.</span> 
     </span>
     <span class='ocr_line' id='line_1_6' title="bbox 104 704 1153 788; baseline 0.005 -17"><span class='ocrx_word' id='word_1_32' title='bbox 104 704 206 771; x_wconf 81' lang='lat' dir='ltr'>Dario</span> <span class='ocrx_word' id='word_1_33' title='bbox 237 706 439 788; x_wconf 80' lang='lat' dir='ltr'>pateantque</span> <span class='ocrx_word' id='word_1_34' title='bbox 470 704 665 770; x_wconf 79' lang='lat' dir='ltr'>commercia</span> <span class='ocrx_word' id='word_1_35' title='bbox 695 705 747 771; x_wconf 82' lang='lat' dir='ltr'>vel</span> <span class='ocrx_word' id='word_1_36' title='bbox 775 705 908 773; x_wconf 77' lang='lat' dir='ltr'>Graecis</span> <span class='ocrx_word' id='word_1_37' title='bbox 940 707 975 773; x_wconf 90' lang='lat' dir='ltr'>in</span> <span class='ocrx_word' id='word_1_38' title='bbox 1001 706 1118 774; x_wconf 78' lang='lat' dir='ltr'>Persae</span> <span class='ocrx_word' id='word_1_39' title='bbox 1132 735 1153 778; x_wconf 85' lang='lat' dir='ltr'>s·</span> 
     </span>
     <span class='ocr_line' id='line_1_7' title="bbox 104 790 1121 881; baseline 0.005 -22"><span class='ocrx_word' id='word_1_40' title='bbox 104 794 158 859; x_wconf 83' lang='lat' dir='ltr'>vel</span> <span class='ocrx_word' id='word_1_41' title='bbox 176 790 286 858; x_wconf 90' lang='lat' dir='ltr'>Persis</span> <span class='ocrx_word' id='word_1_42' title='bbox 304 791 404 858; x_wconf 87' lang='lat' dir='ltr'>etiam</span> <span class='ocrx_word' id='word_1_43' title='bbox 426 791 468 857; x_wconf 84' lang='lat' dir='ltr'>ad</span> <span class='ocrx_word' id='word_1_44' title='bbox 486 790 639 860; x_wconf 84' lang='lat' dir='ltr'>Graecos.</span> <span class='ocrx_word' id='word_1_45' title='bbox 676 791 802 879; x_wconf 80' lang='lat' dir='ltr'>Quippe</span> <span class='ocrx_word' id='word_1_46' title='bbox 819 796 986 880; x_wconf 73' lang='lat' dir='ltr'>provisum</span> <span class='ocrx_word' id='word_1_47' title='bbox 1005 801 1064 881; x_wconf 76' lang='lat' dir='ltr'>est,</span> <span class='ocrx_word' id='word_1_48' title='bbox 1083 802 1121 864; x_wconf 94' lang='lat' dir='ltr'>ut</span> 
     </span>
     <span class='ocr_line' id='line_1_8' title="bbox 104 880 1121 967; baseline 0.003 -21"><span class='ocrx_word' id='word_1_49' title='bbox 104 903 163 966; x_wconf 91' lang='lat' dir='ltr'>per</span> <span class='ocrx_word' id='word_1_50' title='bbox 184 884 335 966; x_wconf 75' lang='lat' dir='ltr'>satrapae</span> <span class='ocrx_word' id='word_1_51' title='bbox 358 880 459 947; x_wconf 88' lang='lat' dir='ltr'>etiam</span> <span class='ocrx_word' id='word_1_52' title='bbox 481 880 630 946; x_wconf 88' lang='lat' dir='ltr'>dimensa</span> <span class='ocrx_word' id='word_1_53' title='bbox 653 883 761 966; x_wconf 89' lang='lat' dir='ltr'>spatia</span> <span class='ocrx_word' id='word_1_54' title='bbox 779 883 850 948; x_wconf 84' lang='lat' dir='ltr'>viae</span> <span class='ocrx_word' id='word_1_55' title='bbox 872 885 1021 967; x_wconf 84' lang='lat' dir='ltr'>publioae</span> <span class='ocrx_word' id='word_1_56' title='bbox 1043 906 1121 951; x_wconf 87' lang='lat' dir='ltr'>eon·</span> 
     </span>
     <span class='ocr_line' id='line_1_9' title="bbox 105 967 1121 1056; baseline 0.003 -21"><span class='ocrx_word' id='word_1_57' title='bbox 105 973 301 1037; x_wconf 86' lang='lat' dir='ltr'>sternantur.</span> <span class='ocrx_word' id='word_1_58' title='bbox 339 967 581 1035; x_wconf 68' lang='lat' dir='ltr'>Sollemnitates</span> <span class='ocrx_word' id='word_1_59' title='bbox 600 970 694 1036; x_wconf 81' lang='lat' dir='ltr'>vobis</span> <span class='ocrx_word' id='word_1_60' title='bbox 717 974 751 1035; x_wconf 91' lang='lat' dir='ltr'>et</span> <span class='ocrx_word' id='word_1_61' title='bbox 774 973 951 1037; x_wconf 84' lang='lat' dir='ltr'>certamina</span> <span class='ocrx_word' id='word_1_62' title='bbox 968 973 1121 1056; x_wconf 78' lang='lat' dir='ltr'>gymnica</span> 
     </span>
     <span class='ocr_line' id='line_1_10' title="bbox 104 1056 1121 1142; baseline 0.002 -17"><span class='ocrx_word' id='word_1_63' title='bbox 104 1062 215 1140; x_wconf 80' lang='lat' dir='ltr'>erunt3</span> <span class='ocrx_word' id='word_1_64' title='bbox 244 1056 303 1123; x_wconf 87' lang='lat' dir='ltr'>sed</span> <span class='ocrx_word' id='word_1_65' title='bbox 328 1056 418 1123; x_wconf 88' lang='lat' dir='ltr'>hisee</span> <span class='ocrx_word' id='word_1_66' title='bbox 446 1057 596 1123; x_wconf 91' lang='lat' dir='ltr'>omnibus</span> <span class='ocrx_word' id='word_1_67' title='bbox 623 1058 789 1142; x_wconf 86' lang='lat' dir='ltr'>praesides</span> <span class='ocrx_word' id='word_1_68' title='bbox 817 1058 891 1124; x_wconf 86' lang='lat' dir='ltr'>dedi</span> <span class='ocrx_word' id='word_1_69' title='bbox 919 1082 958 1125; x_wconf 89' lang='lat' dir='ltr'>ex</span> <span class='ocrx_word' id='word_1_70' title='bbox 983 1061 1121 1128; x_wconf 84' lang='lat' dir='ltr'>Alexan·</span> 
     </span>
     <span class='ocr_line' id='line_1_11' title="bbox 105 1145 1161 1232; baseline 0.004 -20"><span class='ocrx_word' id='word_1_71' title='bbox 105 1147 176 1213; x_wconf 87' lang='lat' dir='ltr'>dria</span> <span class='ocrx_word' id='word_1_72' title='bbox 198 1167 273 1212; x_wconf 87' lang='lat' dir='ltr'>mea</span> <span class='ocrx_word' id='word_1_73' title='bbox 294 1145 382 1212; x_wconf 77' lang='lat' dir='ltr'>viros</span> <span class='ocrx_word' id='word_1_74' title='bbox 405 1145 604 1232; x_wconf 80' lang='lat' dir='ltr'>Aegyptios,</span> <span class='ocrx_word' id='word_1_75' title='bbox 630 1146 749 1232; x_wconf 87' lang='lat' dir='ltr'>quibus</span> <span class='ocrx_word' id='word_1_76' title='bbox 776 1169 892 1215; x_wconf 89' lang='lat' dir='ltr'>aureae</span> <span class='ocrx_word' id='word_1_77' title='bbox 916 1170 1043 1232; x_wconf 89' lang='lat' dir='ltr'>quoque</span> <span class='ocrx_word' id='word_1_78' title='bbox 1065 1169 1120 1215; x_wconf 85' lang='lat' dir='ltr'>oo-</span> <span class='ocrx_word' id='word_1_79' title='bbox 1133 1174 1161 1216; x_wconf 84' lang='lat' dir='ltr'>ro</span> 
     </span>
     <span class='ocr_line' id='line_1_12' title="bbox 104 1235 1122 1322; baseline 0.003 -22"><span class='ocrx_word' id='word_1_80' title='bbox 104 1257 206 1302; x_wconf 84' lang='lat' dir='ltr'>romae</span> <span class='ocrx_word' id='word_1_81' title='bbox 236 1238 406 1320; x_wconf 82' lang='lat' dir='ltr'>gestamen</span> <span class='ocrx_word' id='word_1_82' title='bbox 429 1238 462 1301; x_wconf 90' lang='lat' dir='ltr'>et</span> <span class='ocrx_word' id='word_1_83' title='bbox 485 1235 623 1302; x_wconf 86' lang='lat' dir='ltr'>amiotus</span> <span class='ocrx_word' id='word_1_84' title='bbox 645 1258 826 1320; x_wconf 87' lang='lat' dir='ltr'>purpureus</span> <span class='ocrx_word' id='word_1_85' title='bbox 854 1240 905 1302; x_wconf 85' lang='lat' dir='ltr'>est</span> <span class='ocrx_word' id='word_1_86' title='bbox 933 1237 1122 1322; x_wconf 80' lang='lat' dir='ltr'>permissus,</span> 
     </span>
     <span class='ocr_line' id='line_1_13' title="bbox 105 1323 1120 1411; baseline 0.003 -22"><span class='ocrx_word' id='word_1_87' title='bbox 105 1327 300 1408; x_wconf 85' lang='lat' dir='ltr'>praeterque</span> <span class='ocrx_word' id='word_1_88' title='bbox 328 1344 385 1389; x_wconf 90' lang='lat' dir='ltr'>eos</span> <span class='ocrx_word' id='word_1_89' title='bbox 412 1323 563 1407; x_wconf 79' lang='lat' dir='ltr'>ingressu</span> <span class='ocrx_word' id='word_1_90' title='bbox 586 1327 711 1389; x_wconf 90' lang='lat' dir='ltr'>eeteros</span> <span class='ocrx_word' id='word_1_91' title='bbox 740 1325 823 1391; x_wconf 85' lang='lat' dir='ltr'>sauri</span> <span class='ocrx_word' id='word_1_92' title='bbox 845 1327 1024 1411; x_wconf 88' lang='lat' dir='ltr'>templique</span> <span class='ocrx_word' id='word_1_93' title='bbox 1046 1348 1120 1410; x_wconf 90' lang='lat' dir='ltr'>pro·</span> 
     </span>
     <span class='ocr_line' id='line_1_14' title="bbox 103 1411 1121 1499; baseline 0.004 -21"><span class='ocrx_word' id='word_1_94' title='bbox 103 1413 212 1479; x_wconf 88' lang='lat' dir='ltr'>hiberi</span> <span class='ocrx_word' id='word_1_95' title='bbox 236 1413 394 1494; x_wconf 63' lang='lat' dir='ltr'>[plausit]</span> <span class='ocrx_word' id='word_1_96' title='bbox 448 1411 572 1478; x_wconf 77' lang='lat' dir='ltr'>Iudicia</span> <span class='ocrx_word' id='word_1_97' title='bbox 594 1413 707 1494; x_wconf 87' lang='lat' dir='ltr'>stiam,</span> <span class='ocrx_word' id='word_1_98' title='bbox 735 1434 817 1497; x_wconf 87' lang='lat' dir='ltr'>quae</span> <span class='ocrx_word' id='word_1_99' title='bbox 840 1415 937 1499; x_wconf 82' lang='lat' dir='ltr'>vulgo</span> <span class='ocrx_word' id='word_1_100' title='bbox 965 1415 1121 1498; x_wconf 85' lang='lat' dir='ltr'>privatim</span> 
     </span>
     <span class='ocr_line' id='line_1_15' title="bbox 105 1500 1121 1586; baseline 0.002 -19"><span class='ocrx_word' id='word_1_101' title='bbox 105 1502 242 1586; x_wconf 79' lang='lat' dir='ltr'>quisque</span> <span class='ocrx_word' id='word_1_102' title='bbox 265 1500 420 1583; x_wconf 82' lang='lat' dir='ltr'>faciebat,</span> <span class='ocrx_word' id='word_1_103' title='bbox 447 1501 511 1565; x_wconf 87' lang='lat' dir='ltr'>nisi</span> <span class='ocrx_word' id='word_1_104' title='bbox 533 1522 591 1585; x_wconf 91' lang='lat' dir='ltr'>per</span> <span class='ocrx_word' id='word_1_105' title='bbox 614 1501 738 1567; x_wconf 85' lang='lat' dir='ltr'>auriam</span> <span class='ocrx_word' id='word_1_106' title='bbox 760 1502 927 1584; x_wconf 80' lang='lat' dir='ltr'>publicam</span> <span class='ocrx_word' id='word_1_107' title='bbox 949 1503 1121 1570; x_wconf 82' lang='lat' dir='ltr'>civitatum</span> 
     </span>
     <span class='ocr_line' id='line_1_16' title="bbox 103 1588 1159 1675; baseline 0.002 -19"><span class='ocrx_word' id='word_1_108' title='bbox 103 1589 261 1656; x_wconf 81' lang='lat' dir='ltr'>celebrari</span> <span class='ocrx_word' id='word_1_109' title='bbox 278 1610 346 1654; x_wconf 89' lang='lat' dir='ltr'>non</span> <span class='ocrx_word' id='word_1_110' title='bbox 365 1588 485 1656; x_wconf 74' lang='lat' dir='ltr'>licebit.</span> <span class='ocrx_word' id='word_1_111' title='bbox 520 1590 570 1656; x_wconf 86' lang='lat' dir='ltr'>Ae</span> <span class='ocrx_word' id='word_1_112' title='bbox 588 1590 617 1654; x_wconf 88' lang='lat' dir='ltr'>ei</span> <span class='ocrx_word' id='word_1_113' title='bbox 633 1594 764 1673; x_wconf 82' lang='lat' dir='ltr'>praeter¹</span> <span class='ocrx_word' id='word_1_114' title='bbox 782 1591 862 1656; x_wconf 82' lang='lat' dir='ltr'>haee</span> <span class='ocrx_word' id='word_1_115' title='bbox 881 1592 1000 1675; x_wconf 90' lang='lat' dir='ltr'>aliquis</span> <span class='ocrx_word' id='word_1_116' title='bbox 1020 1613 1118 1658; x_wconf 77' lang='lat' dir='ltr'>ausus</span> <span class='ocrx_word' id='word_1_117' title='bbox 1133 1616 1159 1658; x_wconf 82' lang='lat' dir='ltr'>rs</span> 
     </span>
     <span class='ocr_line' id='line_1_17' title="bbox 103 1677 1182 1764; baseline 0.004 -22"><span class='ocrx_word' id='word_1_118' title='bbox 103 1678 177 1761; x_wconf 77' lang='lat' dir='ltr'>erit,</span> <span class='ocrx_word' id='word_1_119' title='bbox 199 1677 305 1743; x_wconf 87' lang='lat' dir='ltr'>hostie</span> <span class='ocrx_word' id='word_1_120' title='bbox 329 1677 489 1762; x_wconf 82' lang='lat' dir='ltr'>supplicio</span> <span class='ocrx_word' id='word_1_121' title='bbox 511 1677 681 1762; x_wconf 70' lang='lat' dir='ltr'>punietur?</span> <span class='ocrx_word' id='word_1_122' title='bbox 720 1677 766 1743; x_wconf 81' lang='lat' dir='ltr'>Et</span> <span class='ocrx_word' id='word_1_123' title='bbox 788 1679 869 1745; x_wconf 86' lang='lat' dir='ltr'>haee</span> <span class='ocrx_word' id='word_1_124' title='bbox 892 1680 1023 1764; x_wconf 88' lang='lat' dir='ltr'>quidem</span> <span class='ocrx_word' id='word_1_125' title='bbox 1042 1682 1118 1746; x_wconf 85' lang='lat' dir='ltr'>Ale·</span> <span class='ocrx_word' id='word_1_126' title='bbox 1135 1695 1182 1746; x_wconf 78' lang='lat'>41.</span> 
     </span>
     <span class='ocr_line' id='line_1_18' title="bbox 102 1765 1119 1852; baseline 0.004 -21"><span class='ocrx_word' id='word_1_127' title='bbox 102 1765 224 1831; x_wconf 86' lang='lat' dir='ltr'>xander</span> <span class='ocrx_word' id='word_1_128' title='bbox 246 1766 358 1830; x_wconf 89' lang='lat' dir='ltr'>usibus</span> <span class='ocrx_word' id='word_1_129' title='bbox 381 1765 529 1850; x_wconf 77' lang='lat' dir='ltr'>publicis.</span> <span class='ocrx_word' id='word_1_130' title='bbox 566 1765 660 1843; x_wconf 79' lang='lat' dir='ltr'>Quod</span> <span class='ocrx_word' id='word_1_131' title='bbox 678 1788 756 1833; x_wconf 87' lang='lat' dir='ltr'>vero</span> <span class='ocrx_word' id='word_1_132' title='bbox 778 1767 820 1832; x_wconf 89' lang='lat' dir='ltr'>ad</span> <span class='ocrx_word' id='word_1_133' title='bbox 843 1768 1119 1852; x_wconf 82' lang='lat' dir='ltr'>comprehenden-</span> 
     </span>
     <span class='ocr_line' id='line_1_19' title="bbox 104 1852 1118 1939; baseline 0 -18"><span class='ocrx_word' id='word_1_134' title='bbox 104 1855 163 1921; x_wconf 85' lang='lat' dir='ltr'>dos</span> <span class='ocrx_word' id='word_1_135' title='bbox 182 1876 247 1939; x_wconf 86' lang='lat' dir='ltr'>eos,</span> <span class='ocrx_word' id='word_1_136' title='bbox 265 1854 322 1939; x_wconf 88' lang='lat' dir='ltr'>qui</span> <span class='ocrx_word' id='word_1_137' title='bbox 336 1852 473 1921; x_wconf 85' lang='lat' dir='ltr'>Darium</span> <span class='ocrx_word' id='word_1_138' title='bbox 487 1854 677 1920; x_wconf 87' lang='lat' dir='ltr'>vulneribus</span> <span class='ocrx_word' id='word_1_139' title='bbox 694 1856 906 1938; x_wconf 86' lang='lat' dir='ltr'>inoesserant,</span> <span class='ocrx_word' id='word_1_140' title='bbox 928 1854 1007 1921; x_wconf 83' lang='lat' dir='ltr'>dicit</span> <span class='ocrx_word' id='word_1_141' title='bbox 1023 1856 1118 1922; x_wconf 86' lang='lat' dir='ltr'>haee:</span> 
     </span>
     <span class='ocr_line' id='line_1_20' title="bbox 103 1943 1119 2030; baseline -0.003 -19"><span class='ocrx_word' id='word_1_142' title='bbox 103 1943 281 2030; x_wconf 74' lang='lat' dir='ltr'>‘Equidem</span> <span class='ocrx_word' id='word_1_143' title='bbox 308 1964 361 2011; x_wconf 85' lang='lat' dir='ltr'>me</span> <span class='ocrx_word' id='word_1_144' title='bbox 390 1943 516 2028; x_wconf 80' lang='lat' dir='ltr'>gaudeo</span> <span class='ocrx_word' id='word_1_145' title='bbox 539 1943 667 2010; x_wconf 85' lang='lat' dir='ltr'>hostem</span> <span class='ocrx_word' id='word_1_146' title='bbox 691 1943 870 2009; x_wconf 88' lang='lat' dir='ltr'>maximum</span> <span class='ocrx_word' id='word_1_147' title='bbox 891 1943 1028 2009; x_wconf 89' lang='lat' dir='ltr'>Darium</span> <span class='ocrx_word' id='word_1_148' title='bbox 1054 1964 1119 2009; x_wconf 90' lang='lat' dir='ltr'>ser·</span> 
     </span>
     <span class='ocr_line' id='line_1_21' title="bbox 103 2031 1160 2116; baseline 0 -19"><span class='ocrx_word' id='word_1_149' title='bbox 103 2033 185 2099; x_wconf 89' lang='lat' dir='ltr'>vitio</span> <span class='ocrx_word' id='word_1_150' title='bbox 208 2031 415 2116; x_wconf 83' lang='lat' dir='ltr'>subiugasse,</span> <span class='ocrx_word' id='word_1_151' title='bbox 440 2031 574 2116; x_wconf 87' lang='lat' dir='ltr'>eiusque</span> <span class='ocrx_word' id='word_1_152' title='bbox 596 2033 735 2097; x_wconf 89' lang='lat' dir='ltr'>mortem</span> <span class='ocrx_word' id='word_1_153' title='bbox 759 2031 835 2096; x_wconf 84' lang='lat' dir='ltr'>lieet</span> <span class='ocrx_word' id='word_1_154' title='bbox 857 2032 926 2115; x_wconf 90' lang='lat' dir='ltr'>ipse</span> <span class='ocrx_word' id='word_1_155' title='bbox 950 2037 1118 2097; x_wconf 80' lang='lat' dir='ltr'>exsecutus</span> <span class='ocrx_word' id='word_1_156' title='bbox 1132 2047 1160 2089; x_wconf 60' lang='grc' dir='ltr'><strong>ὀ</strong></span> 
     </span>
     <span class='ocr_line' id='line_1_22' title="bbox 102 2119 1120 2205; baseline -0.002 -16"><span class='ocrx_word' id='word_1_157' title='bbox 102 2143 169 2189; x_wconf 88' lang='lat' dir='ltr'>non</span> <span class='ocrx_word' id='word_1_158' title='bbox 192 2122 265 2204; x_wconf 86' lang='lat' dir='ltr'>sim,</span> <span class='ocrx_word' id='word_1_159' title='bbox 287 2120 393 2187; x_wconf 87' lang='lat' dir='ltr'>habeo</span> <span class='ocrx_word' id='word_1_160' title='bbox 416 2124 529 2185; x_wconf 86' lang='lat' dir='ltr'>tamen</span> <span class='ocrx_word' id='word_1_161' title='bbox 549 2120 649 2202; x_wconf 84' lang='lat' dir='ltr'>hisee,</span> <span class='ocrx_word' id='word_1_162' title='bbox 674 2119 730 2202; x_wconf 94' lang='lat' dir='ltr'>qui</span> <span class='ocrx_word' id='word_1_163' title='bbox 752 2119 786 2184; x_wconf 90' lang='lat' dir='ltr'>id</span> <span class='ocrx_word' id='word_1_164' title='bbox 808 2119 952 2203; x_wconf 77' lang='lat' dir='ltr'>fecerint,</span> <span class='ocrx_word' id='word_1_165' title='bbox 970 2119 1120 2205; x_wconf 81' lang='lat' dir='ltr'>gratiam.</span> 
     </span>
     <span class='ocr_line' id='line_1_23' title="bbox 103 2208 1121 2294; baseline -0.001 -20"><span class='ocrx_word' id='word_1_166' title='bbox 103 2208 211 2287; x_wconf 78' lang='lat' dir='ltr'>Quare</span> <span class='ocrx_word' id='word_1_167' title='bbox 235 2208 323 2294; x_wconf 89' lang='lat' dir='ltr'>quod</span> <span class='ocrx_word' id='word_1_168' title='bbox 341 2208 580 2275; x_wconf 84' lang='lat' dir='ltr'>benivolentiae</span> <span class='ocrx_word' id='word_1_169' title='bbox 603 2229 680 2273; x_wconf 87' lang='lat' dir='ltr'>suae</span> <span class='ocrx_word' id='word_1_170' title='bbox 703 2228 782 2293; x_wconf 83' lang='lat' dir='ltr'>erga</span> <span class='ocrx_word' id='word_1_171' title='bbox 805 2230 857 2274; x_wconf 89' lang='lat' dir='ltr'>me</span> <span class='ocrx_word' id='word_1_172' title='bbox 881 2208 1024 2275; x_wconf 79' lang='lat' dir='ltr'>studium</span> <span class='ocrx_word' id='word_1_173' title='bbox 1046 2230 1121 2293; x_wconf 90' lang='lat' dir='ltr'>pro.-</span> 
     </span>
     <span class='ocr_line' id='line_1_24' title="bbox 102 2297 1121 2385; baseline -0.001 -21"><span class='ocrx_word' id='word_1_174' title='bbox 102 2298 330 2377; x_wconf 70' lang='lat' dir='ltr'>testebrant,</span> <span class='ocrx_word' id='word_1_175' title='bbox 356 2297 394 2381; x_wconf 88' lang='lat' dir='ltr'>ii,</span> <span class='ocrx_word' id='word_1_176' title='bbox 417 2297 537 2382; x_wconf 89' lang='lat' dir='ltr'>quique</span> <span class='ocrx_word' id='word_1_177' title='bbox 564 2300 640 2363; x_wconf 88' lang='lat' dir='ltr'>sunt</span> <span class='ocrx_word' id='word_1_178' title='bbox 663 2301 811 2363; x_wconf 80' lang='lat' dir='ltr'>austeres</span> <span class='ocrx_word' id='word_1_179' title='bbox 834 2298 982 2385; x_wconf 75' lang='lat' dir='ltr'>huiusce,</span> <span class='ocrx_word' id='word_1_180' title='bbox 1005 2297 1121 2364; x_wconf 86' lang='lat' dir='ltr'>hortor</span> 
     </span>
     <span class='ocr_line' id='line_1_25' title="bbox 103 2385 1120 2474; baseline 0 -21"><span class='ocrx_word' id='word_1_181' title='bbox 103 2409 142 2453; x_wconf 84' lang='lat' dir='ltr'>ao</span> <span class='ocrx_word' id='word_1_182' title='bbox 165 2407 297 2470; x_wconf 88' lang='lat' dir='ltr'>moneo,</span> <span class='ocrx_word' id='word_1_183' title='bbox 323 2387 373 2453; x_wconf 89' lang='lat' dir='ltr'>uti</span> <span class='ocrx_word' id='word_1_184' title='bbox 401 2406 435 2451; x_wconf 90' lang='lat' dir='ltr'>se</span> <span class='ocrx_word' id='word_1_185' title='bbox 458 2386 600 2470; x_wconf 88' lang='lat' dir='ltr'>prodant</span> <span class='ocrx_word' id='word_1_186' title='bbox 625 2385 770 2470; x_wconf 85' lang='lat' dir='ltr'>mihique</span> <span class='ocrx_word' id='word_1_187' title='bbox 796 2386 941 2454; x_wconf 77' lang='lat' dir='ltr'>indicent</span> <span class='ocrx_word' id='word_1_188' title='bbox 972 2387 1120 2474; x_wconf 89' lang='lat' dir='ltr'>praemia</span> 
     </span>
     <span class='ocr_line' id='line_1_26' title="bbox 103 2473 1161 2561; baseline 0.004 -21"><span class='ocrx_word' id='word_1_189' title='bbox 103 2475 214 2542; x_wconf 86' lang='lat' dir='ltr'>debita</span> <span class='ocrx_word' id='word_1_190' title='bbox 244 2475 413 2558; x_wconf 80' lang='lat' dir='ltr'>recepturi.</span> <span class='ocrx_word' id='word_1_191' title='bbox 456 2473 548 2541; x_wconf 86' lang='lat' dir='ltr'>Neve</span> <span class='ocrx_word' id='word_1_192' title='bbox 575 2475 662 2541; x_wconf 88' lang='lat' dir='ltr'>istud</span> <span class='ocrx_word' id='word_1_193' title='bbox 690 2474 724 2541; x_wconf 92' lang='lat' dir='ltr'>in</span> <span class='ocrx_word' id='word_1_194' title='bbox 753 2476 942 2561; x_wconf 85' lang='lat' dir='ltr'>ambiguum</span> <span class='ocrx_word' id='word_1_195' title='bbox 971 2477 1119 2544; x_wconf 88' lang='lat' dir='ltr'>dubium·</span> <span class='ocrx_word' id='word_1_196' title='bbox 1133 2491 1161 2535; x_wconf 58' lang='grc' dir='ltr'><strong>ἥ</strong></span> 
     </span>
     <span class='ocr_line' id='line_1_27' title="bbox 105 2562 1118 2649; baseline 0.002 -20"><span class='ocrx_word' id='word_1_197' title='bbox 105 2585 167 2649; x_wconf 89' lang='lat' dir='ltr'>que</span> <span class='ocrx_word' id='word_1_198' title='bbox 195 2564 268 2649; x_wconf 90' lang='lat' dir='ltr'>quis</span> <span class='ocrx_word' id='word_1_199' title='bbox 296 2562 487 2646; x_wconf 84' lang='lat' dir='ltr'>transferat,</span> <span class='ocrx_word' id='word_1_200' title='bbox 514 2564 585 2630; x_wconf 88' lang='lat' dir='ltr'>iuro</span> <span class='ocrx_word' id='word_1_201' title='bbox 613 2564 691 2630; x_wconf 89' lang='lat' dir='ltr'>deos</span> <span class='ocrx_word' id='word_1_202' title='bbox 720 2565 986 2649; x_wconf 87' lang='lat' dir='ltr'>maiestatemque</span> <span class='ocrx_word' id='word_1_203' title='bbox 1014 2566 1118 2649; x_wconf 83' lang='lat' dir='ltr'>patris</span> 
     </span>
     <span class='ocr_line' id='line_1_28' title="bbox 102 2650 1118 2738; baseline 0 -21"><span class='ocrx_word' id='word_1_204' title='bbox 102 2652 277 2719; x_wconf 81' lang='lat' dir='ltr'>Ammonis</span> <span class='ocrx_word' id='word_1_205' title='bbox 291 2655 325 2717; x_wconf 94' lang='lat' dir='ltr'>et</span> <span class='ocrx_word' id='word_1_206' title='bbox 338 2650 542 2738; x_wconf 79' lang='lat' dir='ltr'>Olympiadis</span> <span class='ocrx_word' id='word_1_207' title='bbox 556 2652 672 2717; x_wconf 89' lang='lat' dir='ltr'>matris</span> <span class='ocrx_word' id='word_1_208' title='bbox 687 2673 786 2736; x_wconf 87' lang='lat' dir='ltr'>meae,</span> <span class='ocrx_word' id='word_1_209' title='bbox 805 2654 924 2737; x_wconf 88' lang='lat' dir='ltr'>quique</span> <span class='ocrx_word' id='word_1_210' title='bbox 938 2653 973 2717; x_wconf 92' lang='lat' dir='ltr'>hi</span> <span class='ocrx_word' id='word_1_211' title='bbox 986 2652 1118 2737; x_wconf 81' lang='lat' dir='ltr'>fuerint,</span> 
     </span>
     <span class='ocr_line' id='line_1_29' title="bbox 103 2740 1118 2808; baseline 0.001 -2"><span class='ocrx_word' id='word_1_212' title='bbox 103 2763 160 2808; x_wconf 88' lang='lat' dir='ltr'>eos</span> <span class='ocrx_word' id='word_1_213' title='bbox 189 2763 241 2806; x_wconf 92' lang='lat' dir='ltr'>me</span> <span class='ocrx_word' id='word_1_214' title='bbox 269 2740 427 2807; x_wconf 85' lang='lat' dir='ltr'>sublimes</span> <span class='ocrx_word' id='word_1_215' title='bbox 456 2762 494 2807; x_wconf 86' lang='lat' dir='ltr'>ae</span> <span class='ocrx_word' id='word_1_216' title='bbox 520 2741 710 2807; x_wconf 87' lang='lat' dir='ltr'>notissimos</span> <span class='ocrx_word' id='word_1_217' title='bbox 741 2741 891 2807; x_wconf 87' lang='lat' dir='ltr'>omnibus</span> <span class='ocrx_word' id='word_1_218' title='bbox 920 2741 1118 2807; x_wconf 77' lang='lat' dir='ltr'>effecturum.</span> 
     </span>
    </p>
   </div>
   <div class='ocr_carea' id='block_1_3' title="bbox 94 2985 1150 3630">
    <p class='ocr_par' dir='ltr' id='par_1_4' title="bbox 193 2985 433 3042">
     <span class='ocr_line' id='line_1_30' title="bbox 193 2985 433 3042; baseline 0 -2"><span class='ocrx_word' id='word_1_219' title='bbox 193 2993 209 3040; x_wconf 85' lang='lat'><strong>3</strong></span> <span class='ocrx_word' id='word_1_220' title='bbox 229 2985 382 3042; x_wconf 87' lang='lat' dir='ltr'>rebellione</span> <span class='ocrx_word' id='word_1_221' title='bbox 400 2985 433 3040; x_wconf 90' lang='lat' dir='ltr'>P.</span> 
     </span>
    </p>

    <p class='ocr_par' dir='ltr' id='par_1_5' title="bbox 94 3052 1150 3630">
     <span class='ocr_line' id='line_1_31' title="bbox 192 3052 1117 3125; baseline -0.002 -14"><span class='ocrx_word' id='word_1_222' title='bbox 192 3057 241 3112; x_wconf 78' lang='grc'>36.</span> <span class='ocrx_word' id='word_1_223' title='bbox 261 3055 337 3112; x_wconf 78' lang='lat' dir='ltr'>ahie</span> <span class='ocrx_word' id='word_1_224' title='bbox 345 3057 378 3112; x_wconf 91' lang='lat' dir='ltr'>P.</span> <span class='ocrx_word' id='word_1_225' title='bbox 416 3062 451 3111; x_wconf 88' lang='lat'>10</span> <span class='ocrx_word' id='word_1_226' title='bbox 463 3053 622 3125; x_wconf 81' lang='lat' dir='ltr'>Aegyptios</span> <span class='ocrx_word' id='word_1_227' title='bbox 630 3052 717 3110; x_wconf 52' lang='lat' dir='ltr'>Mai&amp;</span> <span class='ocrx_word' id='word_1_228' title='bbox 737 3054 835 3124; x_wconf 79' lang='lat' dir='ltr'>egypti</span> <span class='ocrx_word' id='word_1_229' title='bbox 843 3055 877 3110; x_wconf 89' lang='lat' dir='ltr'>P.</span> <span class='ocrx_word' id='word_1_230' title='bbox 897 3071 931 3110; x_wconf 89' lang='lat' dir='ltr'>ex</span> <span class='ocrx_word' id='word_1_231' title='bbox 945 3052 1117 3124; x_wconf 76' lang='lat' dir='ltr'>AegyptoA.</span> 
     </span>
     <span class='ocr_line' id='line_1_32' title="bbox 105 3125 1118 3197; baseline -0.003 -15"><span class='ocrx_word' id='word_1_232' title='bbox 105 3134 137 3185; x_wconf 87' lang='lat' dir='ltr'>tl</span> <span class='ocrx_word' id='word_1_233' title='bbox 156 3132 304 3197; x_wconf 82' lang='lat' dir='ltr'>gestamen</span> <span class='ocrx_word' id='word_1_234' title='bbox 321 3128 351 3183; x_wconf 83' lang='grc' dir='ltr'>Τ.</span> <span class='ocrx_word' id='word_1_235' title='bbox 374 3143 421 3183; x_wconf 87' lang='lat' dir='ltr'>res</span> <span class='ocrx_word' id='word_1_236' title='bbox 438 3130 533 3183; x_wconf 88' lang='lat' dir='ltr'>tamen</span> <span class='ocrx_word' id='word_1_237' title='bbox 548 3126 623 3181; x_wconf 65' lang='grc' dir='ltr'>ΑΡ.</span> <span class='ocrx_word' id='word_1_238' title='bbox 666 3131 700 3180; x_wconf 77' lang='lat'>12</span> <span class='ocrx_word' id='word_1_239' title='bbox 718 3125 976 3196; x_wconf 59' lang='lat' dir='ltr'>praetermeare</span> <span class='ocrx_word' id='word_1_240' title='bbox 1001 3126 1118 3194; x_wconf 83' lang='lat' dir='ltr'>pariter·</span> 
     </span>
     <span class='ocr_line' id='line_1_33' title="bbox 103 3196 1117 3268; baseline -0.001 -13"><span class='ocrx_word' id='word_1_241' title='bbox 103 3216 159 3268; x_wconf 87' lang='lat' dir='ltr'>que</span> <span class='ocrx_word' id='word_1_242' title='bbox 183 3199 214 3255; x_wconf 84' lang='lat' dir='ltr'>T.</span> <span class='ocrx_word' id='word_1_243' title='bbox 242 3200 370 3268; x_wconf 79' lang='lat' dir='ltr'>ingressu</span> <span class='ocrx_word' id='word_1_244' title='bbox 397 3198 428 3256; x_wconf 84' lang='lat' dir='ltr'>T.</span> <span class='ocrx_word' id='word_1_245' title='bbox 457 3197 600 3267; x_wconf 81' lang='lat' dir='ltr'>ingressus</span> <span class='ocrx_word' id='word_1_246' title='bbox 622 3196 658 3251; x_wconf 77' lang='lat' dir='ltr'>A.</span> <span class='ocrx_word' id='word_1_247' title='bbox 667 3196 701 3252; x_wconf 91' lang='lat' dir='ltr'>P.</span> <span class='ocrx_word' id='word_1_248' title='bbox 780 3197 1117 3266; x_wconf 63' lang='lat' dir='ltr'>replasmatum.</span> 
     </span>
     <span class='ocr_line' id='line_1_34' title="bbox 104 3267 1117 3326; baseline 0 -3"><span class='ocrx_word' id='word_1_249' title='bbox 104 3271 136 3326; x_wconf 92' lang='lat' dir='ltr'>In</span> <span class='ocrx_word' id='word_1_250' title='bbox 155 3270 240 3325; x_wconf 82' lang='lat' dir='ltr'>dueia</span> <span class='ocrx_word' id='word_1_251' title='bbox 259 3271 293 3325; x_wconf 92' lang='lat' dir='ltr'>P.</span> <span class='ocrx_word' id='word_1_252' title='bbox 332 3273 365 3325; x_wconf 80' lang='lat'>15</span> <span class='ocrx_word' id='word_1_253' title='bbox 384 3269 426 3324; x_wconf 80' lang='lat' dir='ltr'>Ae</span> <span class='ocrx_word' id='word_1_254' title='bbox 444 3269 523 3324; x_wconf 84' lang='lat' dir='ltr'><strong><em>A.P.</em></strong></span> <span class='ocrx_word' id='word_1_255' title='bbox 551 3268 624 3323; x_wconf 84' lang='lat' dir='ltr'>Hine</span> <span class='ocrx_word' id='word_1_256' title='bbox 643 3267 732 3324; x_wconf 55' lang='lat' dir='ltr'>Mai&amp;</span> <span class='ocrx_word' id='word_1_257' title='bbox 774 3273 807 3323; x_wconf 80' lang='lat' dir='ltr'>tt</span> <span class='ocrx_word' id='word_1_258' title='bbox 826 3269 880 3323; x_wconf 85' lang='lat' dir='ltr'>hoc</span> <span class='ocrx_word' id='word_1_259' title='bbox 898 3268 931 3325; x_wconf 90' lang='lat' dir='ltr'>P.</span> <span class='ocrx_word' id='word_1_260' title='bbox 969 3273 1002 3322; x_wconf 81' lang='lat'>21</span> <span class='ocrx_word' id='word_1_261' title='bbox 1022 3267 1067 3323; x_wconf 88' lang='lat' dir='ltr'>his</span> <span class='ocrx_word' id='word_1_262' title='bbox 1083 3267 1117 3323; x_wconf 90' lang='lat' dir='ltr'>P.</span> 
     </span>
     <span class='ocr_line' id='line_1_35' title="bbox 103 3337 1120 3408; baseline -0.002 -11"><span class='ocrx_word' id='word_1_263' title='bbox 103 3347 139 3397; x_wconf 59' lang='grc' dir='ltr'><strong>Ἠ</strong></span> <span class='ocrx_word' id='word_1_264' title='bbox 156 3339 371 3397; x_wconf 83' lang='lat' dir='ltr'>benevolentiae</span> <span class='ocrx_word' id='word_1_265' title='bbox 391 3355 458 3396; x_wconf 80' lang='lat' dir='ltr'>suae</span> <span class='ocrx_word' id='word_1_266' title='bbox 477 3354 546 3408; x_wconf 79' lang='lat' dir='ltr'>erga</span> <span class='ocrx_word' id='word_1_267' title='bbox 563 3355 608 3395; x_wconf 87' lang='lat' dir='ltr'>me</span> <span class='ocrx_word' id='word_1_268' title='bbox 630 3339 660 3394; x_wconf 76' lang='lat' dir='ltr'>P.</span> <span class='ocrx_word' id='word_1_269' title='bbox 701 3337 924 3395; x_wconf 83' lang='lat' dir='ltr'>benivolentiam</span> <span class='ocrx_word' id='word_1_270' title='bbox 948 3356 1027 3393; x_wconf 87' lang='lat' dir='ltr'>suam</span> <span class='ocrx_word' id='word_1_271' title='bbox 1051 3353 1120 3408; x_wconf 77' lang='lat' dir='ltr'>erge</span> 
     </span>
     <span class='ocr_line' id='line_1_36' title="bbox 103 3408 1122 3480; baseline -0.005 -13"><span class='ocrx_word' id='word_1_272' title='bbox 103 3412 161 3471; x_wconf 88' lang='lat' dir='ltr'>mei</span> <span class='ocrx_word' id='word_1_273' title='bbox 178 3411 255 3469; x_wconf 57' lang='grc' dir='ltr'>ΑΡ,</span> <span class='ocrx_word' id='word_1_274' title='bbox 296 3416 330 3466; x_wconf 77' lang='lat'>28</span> <span class='ocrx_word' id='word_1_275' title='bbox 348 3410 371 3466; x_wconf 92' lang='lat' dir='ltr'>ii</span> <span class='ocrx_word' id='word_1_276' title='bbox 388 3411 493 3480; x_wconf 88' lang='lat' dir='ltr'>quique</span> <span class='ocrx_word' id='word_1_277' title='bbox 514 3409 544 3466; x_wconf 81' lang='grc' dir='ltr'>Τ.</span> <span class='ocrx_word' id='word_1_278' title='bbox 571 3409 603 3465; x_wconf 91' lang='lat' dir='ltr'>bi</span> <span class='ocrx_word' id='word_1_279' title='bbox 621 3408 671 3479; x_wconf 89' lang='lat' dir='ltr'>qui</span> <span class='ocrx_word' id='word_1_280' title='bbox 690 3409 724 3463; x_wconf 93' lang='lat' dir='ltr'>P.</span> <span class='ocrx_word' id='word_1_281' title='bbox 751 3408 773 3462; x_wconf 92' lang='lat' dir='ltr'>ii</span> <span class='ocrx_word' id='word_1_282' title='bbox 792 3425 903 3480; x_wconf 84' lang='lat' dir='ltr'>quoque</span> <span class='ocrx_word' id='word_1_283' title='bbox 922 3409 957 3466; x_wconf 78' lang='lat' dir='ltr'>A.</span> <span class='ocrx_word' id='word_1_284' title='bbox 984 3409 1067 3465; x_wconf 83' lang='lat' dir='ltr'>huius</span> <span class='ocrx_word' id='word_1_285' title='bbox 1087 3408 1122 3463; x_wconf 77' lang='lat' dir='ltr'>P.</span> 
     </span>
     <span class='ocr_line' id='line_1_37' title="bbox 103 3474 1150 3552; baseline -0.014 -14"><span class='ocrx_word' id='word_1_286' title='bbox 103 3489 139 3541; x_wconf 78' lang='lat'>26</span> <span class='ocrx_word' id='word_1_287' title='bbox 157 3483 225 3539; x_wconf 84' lang='lat' dir='ltr'>deos</span> <span class='ocrx_word' id='word_1_288' title='bbox 251 3483 282 3537; x_wconf 79' lang='lat' dir='ltr'>T.</span> <span class='ocrx_word' id='word_1_289' title='bbox 311 3497 361 3539; x_wconf 80' lang='lat' dir='ltr'>om.</span> <span class='ocrx_word' id='word_1_290' title='bbox 385 3481 464 3541; x_wconf 58' lang='grc' dir='ltr'>ΑΡ.</span> <span class='ocrx_word' id='word_1_291' title='bbox 506 3481 745 3552; x_wconf 84' lang='lat' dir='ltr'>maiestatemque</span> <span class='ocrx_word' id='word_1_292' title='bbox 769 3480 850 3536; x_wconf 55' lang='lat' dir='ltr'>Tr.</span> <span class='ocrx_word' id='word_1_293' title='bbox 888 3480 1085 3533; x_wconf 53' lang='lat' dir='ltr'>maxsumum</span> <span class='ocrx_word' id='word_1_294' title='bbox 1109 3474 1150 3523; x_wconf 62' lang='lat' dir='ltr'>t„</span> 
     </span>
     <span class='ocr_line' id='line_1_38' title="bbox 94 3553 793 3630; baseline 0.009 -24"><span class='ocrx_word' id='word_1_295' title='bbox 94 3554 189 3620; x_wconf 71' lang='lat' dir='ltr'>patris</span> <span class='ocrx_word' id='word_1_296' title='bbox 205 3553 236 3606; x_wconf 86' lang='lat' dir='ltr'>et</span> <span class='ocrx_word' id='word_1_297' title='bbox 251 3553 285 3609; x_wconf 86' lang='lat' dir='ltr'>P.</span> <span class='ocrx_word' id='word_1_298' title='bbox 361 3559 397 3612; x_wconf 80' lang='lat'>28</span> <span class='ocrx_word' id='word_1_299' title='bbox 417 3572 468 3613; x_wconf 87' lang='lat' dir='ltr'>eos</span> <span class='ocrx_word' id='word_1_300' title='bbox 486 3572 536 3615; x_wconf 90' lang='lat' dir='ltr'>me</span> <span class='ocrx_word' id='word_1_301' title='bbox 554 3556 594 3614; x_wconf 76' lang='lat' dir='ltr'>A.</span> <span class='ocrx_word' id='word_1_302' title='bbox 624 3570 735 3630; x_wconf 79' lang='lat' dir='ltr'>eosque</span> <span class='ocrx_word' id='word_1_303' title='bbox 756 3553 793 3612; x_wconf 84' lang='lat' dir='ltr'>P.</span> 
     </span>
    </p>
   </div>
   <div class='ocr_carea' id='block_1_4' title="bbox 0 0 1212 3826">
    <p class='ocr_par' dir='ltr' id='par_1_6' title="bbox 0 0 1212 3826">
     <span class='ocr_line' id='line_1_39' title="bbox 0 0 1212 3826; baseline 0 0"><span class='ocrx_word' id='word_1_304' title='bbox 0 0 1212 3826; x_wconf 95' lang='lat' dir='ltr'> </span> 
     </span>
    </p>
   </div>
  </div>
 </body>
</html>
