2414 3826
183 197 363 255 EPISTOLA
380 199 596 255 ALEXANDRI
614 199 665 254 AD
684 196 951 254 ARISTOTELEM.
1007 197 1070 262 195

56 364 156 445 vitas,
180 361 257 446 quia
280 383 390 426 omnes
415 382 475 446 ego
499 362 604 426 aureis
627 361 757 427 laminis
780 361 983 425 inclusorem.
1019 357 1071 422 Ita

57 456 165 517 totum
189 470 307 534 agmen
334 450 369 515 in
396 471 434 515 eo
457 450 560 514 veluti
584 449 687 514 sidere
715 452 772 515 aut
793 449 921 535 fulgore
947 448 1071 513 clarum

56 539 262 606 radiantibus
289 560 367 603 auro
397 537 583 623 insignibus
614 539 833 622 sequebantur
862 559 935 604 cum
967 536 1070 620 signis

56 634 91 694 et
117 627 253 693 vexillis.
298 626 442 711 Eratque
469 628 556 692 inter
582 627 758 691 varietates
787 626 1005 710 spectaculum
1034 625 1069 690 in

57 715 285 801 conspiciendo
304 715 364 779 tali
383 715 534 800 exercitu,
558 715 633 799 quia
652 718 770 780 ornatu
788 715 911 799 pariter
935 735 972 778 ao
994 711 1096 777 viri-s

56 808 118 871 bus
146 806 231 870 inter
254 807 378 868 veteres
402 806 515 888 gentes
539 802 710 867 eminebat.
756 802 829 887 Ego
856 806 942 867 certe
970 801 1070 884 respi-

56 895 144 960 ciens
164 893 353 957 felicitatem
377 914 482 956 meam
507 892 630 975 insigni
653 891 829 957 iuventutis
852 912 986 955 numero
1010 891 1069 953 im-

56 1004 169 1048 menso
199 980 364 1045 afficiebar
391 980 519 1065 gaudio.
570 977 633 1044 Sed
662 983 699 1044 ut
729 978 853 1063 aliquid
881 979 1070 1062 plerumque

56 1075 91 1137 in
115 1070 264 1135 secundis
288 1069 384 1134 rebus
407 1069 538 1134 fortuna
562 1068 732 1152 obstrepit,
757 1067 873 1133 accidit
895 1066 991 1133 nobis
1015 1065 1071 1129 siti

56 1161 215 1225 laborare.
267 1157 372 1233 Quam
404 1179 477 1222 cum
508 1158 574 1221 iam
606 1158 660 1221 vix
693 1157 943 1238 sustineremus,
975 1154 1068 1218 miles
1085 1175 1111 1215 ro

57 1248 225 1333 Zephyrus
257 1247 424 1310 inventam
456 1246 539 1311 mihi
574 1245 609 1310 in
640 1245 747 1329 lapide
778 1266 918 1310 concavo
952 1265 1071 1328 aquam

57 1340 151 1422 galea
192 1335 340 1420 pertulit3
385 1335 454 1419 ipse
495 1335 623 1413 sitiens,
662 1334 767 1419 magis
811 1333 937 1397 animae
980 1352 1071 1395 meae

59 1448 156 1510 quam
187 1425 274 1489 vitae
305 1445 381 1487 suae
412 1423 608 1488 consulebat.
661 1421 766 1498 Quam
799 1443 860 1508 ego
892 1424 1070 1486 convocato

57 1514 199 1579 exercitu
221 1513 331 1596 palam
355 1512 465 1595 effudi,
492 1534 533 1578 ne
561 1533 612 1575 me
636 1511 770 1576 bibente
794 1511 883 1576 sitire
906 1511 999 1574 miles
1022 1508 1071 1573 in-

58 1605 194 1686 ciperet,
223 1600 478 1684 conlaudataque
507 1622 586 1685 erga
613 1621 664 1665 me
687 1599 829 1684 Zephyri
850 1598 1071 1665 benivolentia
1085 1616 1111 1658 rs

58 1692 166 1776 dignis
191 1711 263 1754 eum
282 1687 611 1767 muneribusornavi.
648 1687 736 1764 Quae
759 1710 812 1753 res
836 1711 909 1753 oum
932 1687 1072 1752 animae-

58 1779 205 1864 quiorem
225 1777 356 1842 fecisset
374 1777 560 1863 exercitum,
583 1780 654 1841 tum
676 1776 742 1842 iam
767 1780 917 1860 coeptum
940 1776 1003 1841 iter
1025 1775 1072 1839 in-

59 1868 153 1932 stitui
175 1887 338 1950 peragere.

149 1954 217 2021 Nec
235 1955 316 2019 mihi
335 1956 433 2038 longe
455 1958 532 2037 post
554 1952 590 2016 in
613 1952 747 2017 desertis
771 1952 852 2017 locis
874 1953 993 2016 flumen
1017 1972 1071 2033 ap·

58 2044 179 2130 paruit,
195 2046 286 2109 euius
300 2044 406 2126 ripam
420 2043 538 2126 pedum
553 2062 749 2126 sexagenum
767 2040 889 2106 arundo
904 2039 1072 2122 vestiebat,
1086 2058 1112 2099 ao

57 2135 209 2219 pinorum
238 2133 445 2216 abietumque
472 2129 591 2196 robora
619 2131 749 2194 vincens
777 2130 812 2193 in
841 2126 1071 2210 crassitudine,

59 2245 123 2307 qua
150 2221 223 2287 Indi
253 2221 389 2286 materia
418 2219 459 2285 ad
487 2217 685 2284 conficienda
713 2218 860 2283 aedificia
886 2217 1071 2282 utebantur.

58 2311 142 2376 Turn
166 2331 226 2395 ego
251 2310 403 2395 quoniam
423 2307 644 2393 quadrupedia
669 2312 702 2372 et
726 2307 883 2372 exercitus
908 2304 1071 2389 sitiebant,

58 2400 138 2464 iussi
167 2400 319 2464 continuo
349 2401 455 2463 eastra
483 2397 633 2480 componi
662 2419 681 2461 a
708 2395 931 2462 metatoribus.
982 2394 1072 2470 Quae

58 2489 136 2553 dum
167 2492 332 2571 ponuntur
359 2487 429 2572 ipse
458 2487 547 2551 sitim
575 2487 684 2551 levare
714 2485 847 2571 cupiens
879 2483 1071 2549 amariorem
1085 2502 1112 2543 aa

59 2577 201 2642 elleboro
229 2576 371 2641 fluminis
400 2598 517 2661 aquam
542 2576 685 2659 gustavi,
714 2597 813 2659 quam
840 2595 944 2657 neque
971 2572 1071 2636 homo

58 2667 170 2731 bibere
185 2687 243 2730 nec
257 2666 361 2729 ullum
375 2686 527 2749 pecorum
543 2664 671 2728 haurire
689 2664 758 2727 sine
772 2667 935 2728 tormento
951 2663 1072 2743 posset.

150 2931 164 2978 1
186 2924 294 2996 omnes]
315 2925 409 2980 omnia
426 2926 465 2982 H.
500 2924 567 3004 ego]
585 2938 663 2976 arma
681 2937 732 2976 sua
751 2922 785 2974 P.
817 2936 870 2990 ego
889 2918 1015 2988 clyppeis
1040 2919 1071 2972 V.

58 2997 240 3068 inclusarum]
261 2996 434 3050 incluserant
450 2997 487 3053 B.
495 2996 529 3050 P.
555 2995 720 3049 mduxeram
739 2992 768 3048 0.
819 2997 835 3046 2
854 2991 885 3045 in
903 2991 949 3063 eo]
968 3007 1013 3044 me
1032 2990 1071 3043 H.

59 3069 266 3137 3sequebatur
284 3067 364 3122 ΠΗ.
424 3067 546 3122 atnam
565 3064 717 3120 exereitum
736 3062 776 3117 H.
834 3067 867 3116 12
887 3063 970 3132 galea
987 3076 1073 3122 aurea

58 3140 179 3211 protulit
197 3139 237 3193 H.
312 3144 344 3193 13
363 3140 463 3195 vocato
483 3138 521 3193 H.
590 3141 624 3189 14
641 3134 733 3205 magis
752 3133 828 3189 sitire
848 3134 886 3187 H.
956 3135 989 3187 15
1008 3147 1073 3185 oon·

59 3213 234 3279 laudansque
263 3210 360 3264 Zeveri
388 3227 455 3280 erga
481 3224 527 3263 me
554 3205 775 3262 benivolentiam
803 3205 842 3259 H.
926 3210 959 3260 16
986 3203 1073 3259 hono·

58 3283 120 3337 ravi
130 3282 169 3337 H.
225 3287 258 3336 1'1
277 3286 344 3337 tune
358 3284 504 3350 acceptum
519 3301 549 3334 ω.
577 3279 638 3332 tum
651 3277 708 3331 iam
723 3293 773 3332 om.
788 3276 827 3331 H.
888 3280 920 3331 18
939 3289 1072 3345 peragere

62 3353 133 3409 dP.
156 3369 206 3409 om.
230 3359 277 3408 cet.
351 3357 384 3407 19
403 3353 467 3419 post
489 3368 539 3407 om.
564 3350 638 3404 u.H.
711 3353 746 3402 20
764 3345 855 3416 ripam
874 3367 903 3401 o.
931 3347 1008 3416 ripas
1025 3350 1072 3401 cet.

60 3431 94 3481 21
110 3424 140 3478 in
153 3440 204 3479 om.
212 3425 250 3478 H.
270 3422 542 3494 grossitudineHV.
580 3425 613 3475 22
629 3420 665 3474 ad
680 3417 920 3473 constituendaH.
958 3423 996 3471 al
1007 3415 1081 3483 pomi

61 3496 142 3552 ΕΗ.
197 3499 231 3550 ab
251 3497 455 3565 componuntur
475 3493 543 3552 cP.
575 3492 704 3550 relevare
723 3489 799 3547 CR.
851 3494 891 3542 Ἦ
909 3503 1009 3554 qartus
1023 3480 1105 3532 U.

57 3566 153 3636 potuit
170 3567 208 3620 H.

907 3635 971 3693 ia*
