2414 3826
382 182 775 271 oauusmnxruoar
975 234 979 242 .
1010 187 1073 250 155
1107 215 1110 222 ·

54 350 162 414 carias
187 346 365 412 destinetis.
411 344 589 430 Superbia
613 347 728 432 igitur,
751 351 788 414 ut
811 349 904 414 vobis
929 371 1071 414 commo·

55 439 134 502 dum
159 441 222 518 est,
246 434 448 500 consultata?
494 435 600 519 Igitur
623 438 803 502 Amazones
828 443 935 503 motae
958 439 1069 503 rescri·
1089 450 1136 502 76.

55 526 155 591 bunt:
174 525 219 590 Et
234 525 309 588 dare
324 545 357 588 se
372 524 441 608 regi
455 525 613 609 veniendi,
632 547 729 608 quam
744 526 863 610 cupiat,
882 526 1072 591 facultatem

55 613 314 698 inspiciendique
332 616 437 677 terras
458 635 542 696 suas,
566 617 599 677 et
621 635 776 679 coronare
800 636 834 679 se
858 638 932 680 eum
955 617 1072 680 annuis

55 703 191 769 talentis
216 723 285 787 sex;
314 702 508 787 quingentas
538 701 635 766 etiam
668 704 792 786 equites
816 704 997 772 destinasse
1022 725 1099 769 ans

55 797 163 858 mutas
188 797 221 856 et
245 795 403 873 strenuas,
426 794 462 854 ut
484 791 679 875 poposcerit,
702 812 783 874 quae
803 815 861 877 per
885 815 988 858 annos
1014 793 1072 858 sci·

55 883 134 946 licet
155 882 389 965 permutentur.
436 877 528 954 Quod
558 881 585 943 si
614 901 677 963 qua
705 900 743 943 ex
772 880 859 945 hisce
889 881 928 945 ad
958 903 1071 947 sexum

57 993 152 1035 suum
175 969 322 1050 cesserit,
350 989 423 1032 eam
452 989 486 1032 se
515 971 625 1051 petere
648 968 768 1033 ibidem
798 968 945 1034 desidere
972 972 1071 1055 inque

56 1060 125 1124 eius
149 1060 257 1122 locum
277 1057 538 1140 supplementum
561 1056 600 1119 de
624 1061 720 1141 gente
738 1058 907 1142 postulari.
944 1056 1071 1142 Quippe

55 1148 278 1212 Amazonibus
298 1149 421 1210 certum
446 1167 516 1208 esse
534 1167 648 1229 parere
671 1146 741 1212 viro
767 1146 905 1230 absenti,
928 1148 979 1212 cui
1002 1169 1110 1212 ces-10

10 1287 12 1292 .
56 1237 138 1301 sisse
162 1236 309 1300 omnium
332 1233 500 1299 hominum
524 1254 645 1318 genera
669 1235 865 1299 didicissent.

146 1322 205 1391 47.
235 1322 297 1388 His
322 1323 462 1406 acceptis
487 1322 670 1387 Alexander
697 1325 759 1387 iter
786 1323 820 1388 in
846 1323 972 1388 Prasia·
1018 1329 1131 1385 XXVII.

55 1436 128 1479 cam
151 1414 227 1477 inde
251 1412 420 1496 pervertit,
448 1433 530 1496 quae
558 1411 689 1495 quidem
713 1413 781 1476 eius
805 1413 903 1477 militi
926 1413 1070 1498 peregri·
1089 1414 1133 1468 7⁷·

54 1503 147 1568 natio
171 1501 292 1567 laboris
314 1501 488 1567 admodum
511 1503 544 1564 et
567 1501 698 1584 plurimi
717 1502 852 1584 periculi
872 1502 942 1567 fuit.
984 1501 1071 1566 Nam

55 1592 192 1656 aestatis
222 1590 324 1654 ferme
355 1590 421 1654 iam
456 1588 562 1653 medio
597 1590 759 1673 repentini
795 1592 917 1656 imbres
947 1590 1069 1655 fluxere
1084 1613 1109 1654 15

55 1680 137 1744 adeo
164 1679 373 1745 vehementes
402 1681 499 1761 atque
527 1679 685 1762 continui,
713 1681 763 1742 uti
791 1700 856 1744 non
885 1680 992 1744 solum
1020 1679 1068 1744 vis

55 1769 270 1833 animantium
299 1767 460 1850 deperiret
490 1770 536 1847 et,
567 1788 786 1851 quaecumque
816 1769 889 1833 usui
920 1772 997 1832 sunt
1028 1769 1069 1832 ad

54 1857 216 1939 militiam,
239 1857 462 1942 putrefierent,
484 1877 596 1919 verum
616 1855 697 1940 ipsis
723 1857 822 1921 etiam
840 1879 899 1941 per
922 1856 1067 1940 indigen·

54 1946 138 2009 tiam
166 1947 451 2022 calciamentorum
476 1943 594 2027 pedum
617 1944 761 2027 plurima
785 1945 943 2026 pernicies
972 1944 1070 2007 infer-

56 2037 161 2117 retur,
188 2034 309 2119 quippe
337 2034 392 2098 ubi
421 2033 507 2097 nudo
531 2032 672 2116 vestigio
697 2055 754 2117 per
777 2034 849 2096 loca
868 2054 988 2115 ,aspera
1010 2032 1069 2097 hu·
1084 2054 1110 2093 20

56 2123 209 2208 midaque
236 2123 363 2207 perpeti
390 2122 502 2187 labore
529 2121 747 2186 traherentur.
793 2119 907 2205 Neque
930 2142 1008 2185 vero
1037 2121 1070 2185 id

57 2212 117 2275 sub
136 2213 239 2277 isdem
257 2211 418 2276 imbribus
438 2211 518 2274 adeo
538 2211 721 2292 molestum,
743 2232 839 2295 quam
858 2209 1070 2274 redeuntibus

55 2301 92 2363 in
115 2305 266 2365 naturam
288 2301 445 2384 temporis
470 2299 593 2364 solibus
613 2299 684 2382 fuit,
707 2299 854 2383 quamvis
878 2300 1070 2384 intemperie

54 2389 115 2453 illa
142 2393 175 2454 et
201 2389 381 2454 tonitruum
410 2389 587 2473 plurimum
615 2393 648 2453 et
674 2389 779 2454 iactus
802 2387 976 2452 fulminum
1005 2410 1070 2454 cre-

56 2478 133 2541 bros
154 2479 276 2561 experti
296 2483 413 2545 essent.
446 2477 530 2542 Nam
552 2481 585 2542 et
602 2499 696 2543 voces
715 2479 857 2542 incertas
877 2481 1069 2544 resonantes
1084 2498 1110 2540 aa

55 2566 227 2631 audierant
255 2572 288 2631 et
314 2571 526 2651 portentuosa
553 2567 695 2650 plurima
723 2567 919 2631 eiuscemodi
946 2568 1070 2650 experti

56 2659 158 2719 erant.
203 2655 270 2721 Ubi
293 2678 368 2721 vero
392 2657 458 2720 iam
486 2655 526 2719 ad
549 2655 735 2720 Prasiacam
760 2654 978 2719 adventabant
1001 2655 1068 2737 Hy·
1088 2665 1134 2718 78.

54 2745 230 2828 panimque
246 2744 374 2825 flumen,
394 2745 478 2829 quod
498 2744 653 2828 dispescit
670 2742 859 2807 huiusmodi
879 2742 1069 2826 conlimitia,
1129 2746 1132 2750 ’

147 2920 212 2972 lut
230 2936 280 2975 orn.
302 2920 336 2973 P.
404 2925 468 2973 4se
488 2934 551 2972 eum
573 2918 605 2971 P.
636 2932 729 2971 aecum
749 2916 785 2969 A.
851 2918 1014 2970 ostrenues
1033 2916 1068 2970 A.

54 2995 225 3059 poposcerat
243 2992 278 3045 A.
358 2996 373 3044 7
394 2991 417 3044 si
436 3007 492 3059 qua
513 2990 571 3043 Mc.
591 2988 616 3042 si
634 3004 688 3056 que
710 2988 743 3043 P.
764 2986 870 3055 siquis
890 2989 924 3042 A.
972 2987 1016 3039 his
1035 2986 1068 3041 P.

54 3066 71 3116 8
111 3064 189 3116 atera
207 3063 244 3119 A.

91 3078 109 3130 p
145 3132 193 3188 47.
225 3133 264 3188 In
282 3135 337 3188 cod.
360 3133 393 3186 P.
412 3133 457 3186 bic
475 3133 662 3201 interponitur
681 3131 758 3185 locus
776 3130 889 3199 Iosepbc'
908 3129 985 3198 (Ant.
1004 3129 1068 3183 Iud.

57 3203 117 3269 XI,
137 3210 165 3272 5,
183 3208 275 3272 5-8,
294 3210 312 3258 6
331 3207 421 3270 ecta),
440 3204 538 3258 minda
556 3207 710 3272 excerptum
729 3217 763 3256 ex
783 3200 875 3255 Orosic'
893 3201 963 3255 libro
982 3201 1070 3254 tertio.

55 3281 89 3328 12
109 3274 160 3330 His
179 3275 302 3345 acceptis
322 3276 357 3330 A.
384 3274 452 3329 Post
470 3275 541 3327 haec
560 3275 592 3328 P.
648 3279 680 3327 13
700 3272 853 3342 praevertit
870 3271 905 3326 P.
933 3268 1020 3324 militi
1037 3270 1069 3325 P.

53 3344 147 3400 multa
161 3363 230 3403 corr.
245 3363 279 3400 ex
293 3346 376 3400 multi
384 3346 421 3400 A.
460 3351 493 3398 14
512 3343 617 3399 laboris
632 3346 738 3413 scripsi.
759 3342 849 3398 labori
860 3344 895 3398 A.
904 3343 937 3395 P.
978 3348 1008 3395 16
1028 3342 1071 3395 uti

56 3418 150 3471 om.P.
188 3423 222 3471 23
241 3417 413 3486 temporibus
425 3416 459 3471 P.
480 3416 659 3485 intemperies
678 3415 727 3469 ille
737 3414 769 3469 P.
808 3420 842 3468 25
861 3413 1018 3468 resonantis
1036 3413 1070 3468 P.

55 3493 90 3543 27
109 3489 282 3558 ypanimqua
299 3490 332 3544 P.
360 3486 584 3558 Tympanimque
605 3487 641 3543 A.
662 3484 809 3556 Πρύτανιν
831 3484 938 3538 Grues.
967 3489 1012 3533 ‘rs
1028 3483 1090 3531 dua-

52 3560 147 3626 pescit
161 3561 195 3614 R
225 3557 358 3629 dispertit
375 3559 412 3617 Α.
1201 3568 1203 3573 “
