2414 3826
306 181 424 236 PRIMA
440 180 643 236 RESPONSIO
663 181 819 237 DINDIMI.
1008 181 1071 248 173

54 344 218 408 mendicat
245 345 279 407 in
308 365 403 407 usum
432 343 632 409 libidinandi.
678 343 811 408 Turrita
839 344 982 408 culmina
1005 366 1072 409 non

53 435 199 497 levamus
223 454 283 496 nec
307 454 403 497 auras
427 433 573 497 salubres
601 436 671 497 arte
696 433 836 517 quadam
864 432 1072 517 decoquimus

55 544 116 586 nec
134 521 260 605 gelidos
281 543 437 605 aquarum
461 543 573 585 cursus
591 520 731 586 ferventi
751 523 893 586 statione
912 521 1071 586 concludi·

56 634 139 675 mus.
178 607 243 674 Our
268 615 377 674 autem
401 631 460 673 nos
484 610 615 675 lavacra
636 631 819 693 poscamus,
843 632 979 694 quorum
1003 631 1072 674 cor-

55 723 117 784 pus
140 698 317 762 immundis
341 699 544 763 contactibus
572 719 638 762 non
661 698 840 763 sordescit?
887 697 960 763 Sole
989 700 1098 763 cale-s

57 789 188 866 scimus,
206 809 279 852 rore
298 786 532 870 humectamur,
553 787 642 850 sitim
660 787 729 850 rivo
748 786 939 869 frangimus,
963 790 1072 851 torum

56 875 224 940 ministrat
255 875 391 959 humus,
428 897 578 939 somnum
616 875 801 940 sollicitudo
838 897 904 940 non
941 877 1072 960 rumpit,

57 969 199 1029 mentem
223 964 470 1047 cogitationen
494 963 624 1046 fatigat.
669 962 707 1026 In
730 963 878 1028 homines
901 964 1008 1028 nostri
1032 965 1072 1027 si-

58 1053 151 1118 miles
176 1053 318 1136 superba
344 1074 411 1117 non
438 1052 600 1138 agitamus
627 1053 764 1135 imperia
790 1073 850 1115 nec
879 1073 1072 1135 quemquam

57 1143 110 1207 vel
137 1143 273 1206 minima
302 1144 457 1205 servitute
485 1141 644 1224 exigimus
671 1146 800 1224 praeter
829 1161 958 1225 corpus,
986 1140 1071 1222 quod
1087 1162 1113 1202 10

57 1232 164 1295 solum
198 1233 305 1294 animo
343 1229 497 1293 famulari
534 1230 648 1294 debere
685 1250 863 1294 censemus.
917 1229 1071 1312 Alioquin

58 1320 194 1384 saevitia
219 1324 269 1383 est
291 1319 326 1382 in
350 1319 539 1402 obsequium
563 1338 691 1402 cogere,
720 1339 801 1402 quos
828 1318 923 1382 nobis
953 1317 1070 1382 fratres

57 1409 169 1473 eadem
194 1412 312 1472 natura
335 1407 508 1492 progenuit
537 1410 570 1470 et
598 1407 715 1490 quibus
739 1407 780 1472 ab
804 1428 869 1472 uno
894 1407 953 1470 deo
977 1409 1070 1490 patre

58 1497 279 1562 communium
315 1497 472 1560 bonorum
511 1496 687 1578 spondetur
719 1495 891 1560 hereditas.
947 1495 986 1558 ln
1023 1517 1073 1560 ex·

58 1586 222 1650 struendis
241 1585 389 1650 domibus
408 1585 485 1671 igne
504 1605 583 1648 saxa
606 1605 673 1648 non
696 1585 851 1650 solvimus
875 1606 935 1649 nec
958 1584 1071 1649 limum
1086 1606 1111 1646 1⁶

57 1696 170 1739 rursus
202 1674 237 1737 in
274 1674 409 1757 lapides·
437 1673 607 1740 subactum
639 1672 826 1738 somatibus
858 1673 1072 1738 reformamus

56 1785 118 1827 nec
133 1762 331 1827 admixtione
345 1762 499 1828 velificati
512 1762 655 1844 pulveris
671 1766 839 1825 caementa
853 1761 984 1825 duriora
999 1783 1072 1826 con-

57 1852 198 1934 ficimus,
227 1851 441 1916 fundamenta
463 1872 529 1915 non
552 1850 688 1914 iacimus
716 1850 749 1912 in
772 1849 933 1933 profundo
957 1870 1015 1914 nec
1038 1851 1072 1914 vi

57 1944 171 2004 nostra
185 1944 278 2005 vetus
299 1941 410 2004 oceani
424 1939 587 2024 possessio
606 1938 786 2021 mutilatur,
807 1942 844 2002 ut
862 1937 909 2002 ibi
924 1936 1072 2001 cubicula

56 2029 154 2093 nobis
179 2029 246 2092 sint
269 2029 394 2112 aprica,
416 2029 472 2092 ubi
495 2028 602 2092 fuerat
625 2027 788 2111 quondam
811 2025 993 2110 procellosa
1016 2047 1072 2089 na·
1085 2048 1112 2088 ao

58 2117 192 2202 rigatio,
214 2117 293 2180 dum
316 2120 476 2180 terrarum
499 2117 636 2181 dilatare
660 2113 897 2199 quodammodo
920 2114 1074 2178 molimur

59 2205 250 2290 angustiora
281 2208 313 2268 et
343 2204 480 2269 defectui
511 2205 664 2269 creatoris
694 2204 783 2268 velut
812 2202 970 2286 quaedam
1001 2225 1073 2287 sup-

56 2295 224 2377 plementa
244 2293 446 2377 praebemus.
484 2293 570 2369 Quin
593 2293 701 2377 potius
724 2295 757 2356 in
782 2293 921 2358 defossis
945 2292 1072 2357 telluris

58 2384 221 2466 speluncis
245 2387 302 2446 aut
321 2383 469 2447 concavis
493 2383 654 2447 montium
676 2381 811 2447 latebris
831 2382 992 2466 capaciter
1014 2381 1072 2446 ha-

58 2473 212 2537 bitamus.
258 2471 377 2536 Nullos
400 2472 447 2535 ibi
469 2476 641 2536 ventorum
663 2471 824 2550 fremitus,
846 2471 968 2536 nullius
991 2475 1072 2536 tem·
1087 2492 1113 2534 ss

58 2562 197 2644 pestatis
220 2561 366 2624 turbines
385 2560 609 2626 formidamus.
647 2559 763 2626 Tutius
786 2582 847 2625 nos
867 2561 1010 2624 defendit
1032 2560 1073 2625 ab

152 2839 354 2894 llibidinandi
378 2840 414 2894 Β.
444 2838 593 2894 laborandi
619 2841 652 2892 P.
685 2838 801 2893 lavandi
825 2838 860 2892 L.
896 2837 1012 2892 labandi
1037 2839 1074 2894 R.

59 2910 159 2966 livoris
184 2912 214 2965 V.
293 2917 410 2963 tauros
428 2909 462 2964 L.
497 2909 634 2977 quaedam
653 2909 689 2964 L.
767 2908 977 2963 tcontactibus
998 2910 1073 2963 P.B.

59 2982 251 3038 contractibus
277 2980 313 3034 L.
352 2979 590 3035 contractionibus
621 2979 694 3036 V.R.
801 2986 817 3033 9
844 2980 974 3048 superbia
999 2981 1074 3034 LR.

60 3054 201 3122 agitamur
227 3053 261 3106 L.
307 3051 427 3120 imperia
452 3051 524 3106 P.B.
568 3049 718 3120 imperium
743 3050 858 3106 L.V.R.
935 3055 969 3105 10
994 3052 1075 3104 mini·

59 3142 106 3178 me
132 3124 167 3177 L.
204 3124 235 3177 in
260 3122 405 3177 minimam
431 3121 595 3176 servitutem
613 3121 648 3176 R.
686 3121 835 3192 exigimus]
861 3120 1014 3189 affligimus
1039 3122 1075 3175 B.

61 3201 96 3249 lb
114 3193 226 3266 limum]
246 3195 334 3248 imum
352 3194 387 3247 L.
467 3199 499 3247 16
519 3191 643 3262 lapidem
662 3193 780 3247 subacta
798 3192 911 3248 fornace
931 3191 962 3248 V.
990 3190 1075 3246 refor-

60 3282 169 3320 mamus
189 3283 239 3320 om.
258 3267 291 3321 L.
358 3269 391 3318 18
411 3281 461 3319 nec
480 3266 509 3318 vi
526 3263 822 3318 nostra-mutilatur
840 3263 876 3318 R.
908 3280 943 3317 ne
963 3263 1008 3318 cui
1026 3278 1076 3316 no·

62 3340 150 3390 strum
166 3368 199 3376 -
215 3338 359 3392 mutiletur
378 3341 424 3391 cet.
447 3338 582 3402 (vestrum
600 3335 655 3405 L.).
739 3341 771 3388 19
790 3338 822 3387 ut
839 3334 880 3388 ibi
899 3334 997 3389 Scblce.
1026 3333 1076 3388 ubi

60 3407 96 3460 L.
106 3409 139 3460 P.
167 3408 247 3462 ntR.
276 3409 316 3462 ibi
330 3408 365 3462 Β.
385 3425 435 3462 om.
452 3407 483 3460 V.
525 3412 560 3460 20
580 3405 686 3462 sintR.
706 3422 756 3459 ora.
772 3412 818 3460 eet.
847 3405 957 3474 fuerat}
967 3406 1028 3477 fuit
1043 3405 1082 3457 R.

60 3479 205 3546 navigatio
226 3495 274 3534 om.
286 3481 320 3534 L.
330 3480 363 3532 P.
401 3484 433 3532 21
454 3478 585 3532 molimur
596 3477 674 3533 ΗΒ.
690 3475 908 3532 moliminacct.
939 3481 983 3524 ‘ab
997 3471 1106 3520 mm

60 3552 258 3617 tempestatum
282 3551 317 3606 B.
394 3557 429 3607 26
447 3550 541 3608 totius
562 3551 597 3608 L.
