2414 3826
313 191 430 277 PRIMA
448 191 650 248 RESPONSIO
669 191 824 248 DINDIMI.
1011 192 1072 255 l'll

56 358 180 436 cupato
209 376 324 438 parum
352 355 507 436 temporis
536 355 576 418 ad
603 355 773 438 legendum
797 355 901 420 datur.
947 352 1009 418 Sed
1033 377 1073 418 ne

57 443 200 506 invidiae
220 464 317 506 causa
332 442 478 506 deserere
496 465 546 507 me
561 443 691 525 diceres,
711 443 879 525 expediam
899 446 934 507 ut
951 447 1074 526 potere,

58 552 142 614 quac
166 531 313 614 requiris.
359 529 501 595 Nuntios
530 532 616 595 enim
644 532 682 595 de
706 532 802 596 nobis
829 532 949 595 dudum
978 532 1018 596 ad
1041 535 1073 596 te

57 621 207 704 prolatos
226 641 292 684 non
311 620 474 683 immerito
494 619 600 684 famae
615 619 797 684 incredulus
815 621 977 704 respuisti,
995 642 1073 684 nam

58 708 144 773 solet
167 707 307 792 gaudere
330 707 504 790 figmentis.
549 706 646 772 Nunc
671 713 780 772 tamen
809 730 847 773 cx
870 731 922 773 me
945 709 1099 773 incubi-⁵
1177 764 1179 769 ,

59 800 170 860 tanter
188 797 317 880 percipe
340 817 447 859 rerum
472 796 567 860 fidem
587 799 769 879 contentus,
793 797 834 860 ad
852 797 946 861 beate
965 796 1072 861 viven-

56 885 136 948 dum
160 884 272 968 quales
296 885 487 967 habeamur,
511 905 700 969 agnoscere3
725 885 768 949 sit
791 907 867 949 saue
890 887 938 966 tui
960 886 1073 950 iudicii
1153 954 1157 961 ,

58 995 106 1055 ea,
125 995 208 1057 quae
225 972 437 1056 proferemus,
461 977 570 1037 utrum
591 973 754 1058 sequenda
773 995 903 1038 censeas
924 996 966 1037 on
985 996 1072 1056 sper-

56 1062 173 1125 nenda.
281 1085 283 1089 ¹

149 1151 237 1214 Gens
263 1150 366 1233 igitur
389 1149 648 1234 Bragmanorum
677 1172 759 1232 pura
783 1153 815 1214 et
840 1149 979 1232 simplici
1002 1150 1071 1214 vita
1085 1168 1111 1208 ro

58 1239 149 1302 vivit.
196 1237 303 1302 Nullis
334 1260 441 1302 rerum
477 1239 603 1322 capitur
636 1239 807 1304 illecebris.
859 1237 915 1302 Nil
948 1238 1073 1321 appetit

59 1327 213 1410 amplius,
243 1349 339 1410 quam
363 1328 446 1392 ratio
470 1331 604 1392 naturae
627 1327 763 1412 flagitat.
810 1325 926 1391 Omnia
949 1327 1073 1410 patitur

59 1437 97 1479 ac
125 1416 243 1480 tolerat
275 1416 357 1479 illud
385 1420 504 1500 putans
537 1417 769 1498 necessarium,
802 1417 887 1500 quod
916 1417 977 1480 seit
1004 1438 1071 1479 non
1176 1485 1179 1491 .

59 1526 129 1568 csse
154 1504 360 1586 superfluum.
405 1503 524 1568 Facilis
548 1505 643 1570 nobis
668 1527 793 1588 semper
816 1505 981 1589 alimonia,
1006 1527 1072 1569 non

59 1615 157 1676 quam
185 1591 331 1657 luxuriae
356 1594 520 1677 sagacitas
544 1615 601 1676 per
624 1595 733 1658 omnia
756 1615 887 1658 currens
911 1595 1071 1658 elementa
1085 1610 1111 1650 15

57 1681 233 1764 perquirit,
267 1681 322 1745 scd
355 1703 451 1765 quam
482 1683 580 1745 tellus
610 1682 695 1746 ferro
726 1682 884 1746 inviolata
913 1682 1072 1766 producit.

58 1769 206 1833 Mensam
234 1770 338 1853 epulis
367 1791 538 1834 oneramus
568 1770 723 1834 innocuis
773 1769 859 1834 Hinc
879 1773 955 1854 est,
987 1771 1073 1853 quod

58 1857 151 1921 nulla
181 1879 298 1942 genera
325 1859 515 1923 morborum
542 1880 749 1922 numeramus
778 1863 811 1922 et
837 1859 985 1940 nomina,
1016 1859 1071 1922 sed

58 1946 217 2010 diuturnis
233 1948 360 2030 gaudiis
378 1947 493 2010 salutis
508 1948 721 2010 intemeratae
736 1946 921 2010 defruimur.
954 1945 1071 2009 Nullus

57 2035 169 2118 itaque
193 2037 277 2118 a‘pud
305 2057 366 2100 nos
390 2035 542 2099 sanandis
571 2035 760 2136 corporibus
784 2043 860 2098 usu's
885 2040 935 2099 est
958 2034 1071 2097 herba·
1086 2051 1112 2090 20

57 2146 130 2187 rum
159 2146 218 2225 pec
245 2125 280 2188 in
309 2125 433 2188 alienas
459 2122 617 2208 pernicies
647 2124 803 2187 auxilium
831 2123 983 2225 petimus·
999 2143 1071 2186 oon-

58 2212 168 2276 stituti
170 2211 322 2296 .Opem
347 2234 413 2277 non
431 2218 582 2296 precatur
605 2213 651 2276 alt
637 2217 686 2276 etr
710 2213 751 2276 ab
776 2211 849 2293 alie,
875 2212 930 2276 ubi
953 2211 1019 2275 vivi
1020 2216 1073 2274 tur

43 2302 144 2364 inter
160 2323 266 2401 pares
303 2300 409 2366 Locus
433 2323 497 2366 non
517 2302 650 2385 praebet
652 2324 690 2366 ur
636 2300 860 2383 tinvidiae,
883 2300 939 2365 ubi
962 2301 1071 2365 nullus

58 2389 206 2472 superior
230 2393 288 2454 est.
266 2388 454 2454 tOmnes
482 2390 562 2454 divit
548 2393 597 2454 tes
626 2391 706 2454 facit
729 2390 931 2475 paupertatis
956 2411 1072 2474 aequa-

57 2477 146 2541 litas.
191 2477 313 2542 Iudicia
336 2500 401 2542 non
425 2479 595 2560 habemus,
622 2478 697 2563 quia
721 2479 912 2564 corrigenda
936 2500 1002 2543 non
1026 2479 1072 2542 fa-
1087 2501 1112 2542 aa

58 2566 171 2629 cimus.
209 2566 312 2651 Leges
333 2568 477 2631 nullast
463 2572 619 2655 tenemus,
643 2590 725 2652 quae
750 2568 835 2669 apud
854 2589 912 2631 vos
938 2567 1074 2631 crimina

56 2654 236 2738 proferunt.
283 2654 369 2720 Nam
393 2656 468 2720 dum
493 2645 680 2740 plerumque
706 2658 825 2720 severis
850 2655 1071 2718 sanctionibus

88 2903 91 2910 ,
151 2852 283 2916 lparum
303 2848 338 2900 Β.
375 2863 492 2929 parvum
511 2853 558 2901 cet.
594 2864 713 2916 parvum
737 2847 871 2915 temporis
895 2845 1018 2915 spatium
1039 2845 1072 2901 P.

58 2924 74 2972 3
95 2917 226 2988 requiris]
242 2918 377 2986 querisL.
432 2924 449 2971 4
467 2917 609 2972 immerrta
622 2918 696 2971 lame
711 2916 915 2971 incredulosL.
966 2923 982 2971 t
1002 2917 1074 2972 solet

58 2988 138 3042 ΒΗΒ
146 2989 181 3042 Β
210 2988 303 3043 solent
320 2987 350 3043 V.
381 2987 454 3042 solet
471 2990 548 3043 fama
566 2989 598 3044 P.
649 2988 740 3043 ofide
758 2989 834 3044 L..B
887 2988 1075 3042 thebeamus

58 3060 93 3113 L.
101 3059 137 3113 Β
204 3065 273 3113 8ea
293 3061 326 3115 P.
351 3076 401 3114 om.
421 3065 467 3113 cet.
501 3060 668 3143 spernenda]
689 3059 845 3142 respuenda
863 3060 895 3114 V.
935 3066 968 3114 10
988 3058 1073 3141 Gens]

60 3130 155 3183 Genus
181 3129 215 3185 L.
249 3132 318 3199 brag
319 3146 485 3184 marmorum
507 3131 541 3184 L.
578 3131 638 3186 vita
661 3129 744 3201 vivit]
768 3149 824 3185 una
847 3130 908 3186 vita
930 3130 966 3184 L.
1002 3129 1075 3184 vivit

59 3217 111 3255 orn.
120 3201 153 3254 P
189 3200 283 3254 Nullis
307 3217 399 3255 rerum
423 3201 497 3256 PR.
535 3201 628 3256 nullus
651 3219 714 3256 reus
739 3201 772 3256 L
780 3203 815 3257 Β
852 3202 956 3255 nullius
979 3203 1020 3254 rei
1043 3199 1073 3254 V

61 3278 96 3325 14
110 3277 174 3341 post
194 3273 386 3354 ‘superfluum’
408 3273 487 3326 addit
505 3289 556 3328 nec
574 3272 617 3326 ult
606 3276 650 3326 tra
668 3274 781 3327 modum
803 3274 836 3328 P.
871 3271 974 3326 Facilis
993 3271 1074 3352 nobis

60 3341 450 3484 resciscerent·
475 3344 1077 3490 ¹¹⁰¹}stul‘..¹¹dtt¹‡tt.]⁰³t..ttd.

60 3484 196 3552 sospitate
224 3484 257 3538 P.
346 3490 379 3537 21
407 3484 553 3539 constituti
579 3485 614 3540 L.
624 3486 702 3541 PB.
737 3502 792 3542 oro.
815 3485 856 3537 R.
890 3483 1037 3534 emensus
1051 3477 1102 3525 V·

61 3560 95 3608 22
115 3555 210 3624 opem]
228 3553 319 3610 maior
343 3555 373 3613 V.
449 3561 483 3612 25
503 3556 619 3614 Indicia
637 3558 677 3614 L.
