2414 3826
131 178 172 242 72
553 174 663 229 arnna
680 175 714 228 11.

129 340 291 423 nabimus‚
314 361 414 424 puero
440 338 622 421 confidenti,
649 340 681 401 et
703 337 791 401 hisce
810 337 916 401 noxiis
936 335 1142 420 satellitibus,

129 429 184 513 qui
209 427 405 512 imprudenti
427 426 661 511 imprudentius
686 426 899 508 obsequentes
924 425 1143 490 temeritatem

130 518 199 582 ΕΜ
220 517 435 689 stitit?
458 517 857 687 tltilllttlrht
874 513 1141 686 futtilia...
1160 613 1198 663 ω

104 693 339 758 adestinandos
359 692 537 758 Aeschines
557 694 686 756 censeat
704 691 814 757 decem
833 692 955 773 pariter
974 691 1142 754 oratores?

129 781 239 847 Eosne
264 803 389 862 omnes,
418 802 553 864 quorum
577 779 714 863 singulis
744 801 840 863 saepe
869 780 983 843 salutis
1014 784 1142 844 vestrae

130 870 267 936 consilia
284 870 436 934 rexistis?
469 868 583 951 Neque
601 868 663 933 hoo
677 868 793 934 videtis
814 867 1032 932 Alexandrum
1047 868 1140 932 vobis

130 959 243 1023 subtili
261 959 399 1042 quodam
419 962 452 1022 et
471 956 671 1022 clandestino
687 957 821 1022 consilio
837 960 1046 1039 monstrasse,
1065 955 1142 1039 quid

129 1047 209 1112 illud
233 1048 276 1112 sit
298 1047 438 1128 tandem,
462 1067 526 1130 quo
549 1046 619 1128 ipse
638 1066 766 1130 quoque
786 1045 954 1128 intelligat
978 1066 1011 1109 se
1035 1044 1142 1128 dispa-

89 1158 116 1197 ro
129 1157 198 1200 rem
215 1135 466 1201 Atheniensibus
480 1134 571 1197 fore?
605 1133 732 1217 Quippe
752 1155 824 1197 cum
843 1134 877 1197 in
895 1134 990 1197 rebus
1006 1134 1141 1216 agendis

129 1224 256 1288 bellicis
286 1224 407 1308 pariter
436 1227 533 1305 atque
565 1221 711 1285 civilibus
740 1242 835 1285 omne
863 1221 984 1286 factum
1012 1222 1142 1285 fundari

130 1311 331 1395 stabilirique
355 1310 502 1375 videatur
524 1310 667 1373 utilitate
692 1310 829 1393 consilii,
851 1313 887 1374 ut
910 1314 988 1375 tunc
1011 1310 1141 1374 demum

128 1399 248 1464 rectius
274 1403 370 1482 atque
398 1397 577 1462 consultius
606 1419 761 1462 manuum
789 1420 887 1481 opera
917 1398 1142 1482 subsequatur,

129 1487 161 1550 id
192 1486 299 1570 ipsum
328 1486 422 1552 vobis
455 1489 599 1551 avertere
632 1508 669 1550 ac
700 1487 889 1570 praevenire
922 1491 1072 1571 conatur,
1105 1493 1143 1551 ut

89 1597 115 1638 15
129 1575 228 1639 veluti
258 1576 414 1639 inermem
444 1577 547 1638 ratem
583 1574 727 1638 sollertia
760 1575 971 1658 gubernantis
1008 1575 1053 1639 sio
1082 1597 1142 1639 vos

129 1663 305 1747 urbemque
338 1663 586 1728 Atheniensium
622 1665 728 1726 totam
765 1663 909 1727 desertos
947 1664 1142 1728 consiliariis

129 1751 245 1816 vestris
269 1752 432 1836 opprimat
455 1755 488 1815 et
510 1751 661 1816 incurset
702 1751 741 1815 In
765 1772 892 1834 quone
916 1751 991 1835 quid
1016 1774 1034 1815 a
1057 1751 1141 1815 mili-

128 1840 252 1921 tibus†
271 1840 309 1904 de
329 1839 512 1931 oratoribus
532 1839 680 1903 dixerim:
704 1840 851 1923 equidem
874 1845 953 1924 puto
975 1841 1026 1906 vel
1045 1862 1141 1904 canes

129 1928 239 1994 decem
259 1930 327 1994 solo
347 1930 469 1993 latratu
493 1951 550 1994 suo
575 1933 608 1992 et
626 1928 846 1993 infestissimis
865 1929 950 2012 lupis
975 1932 1007 1993 et
1026 1931 1141 1994 ceteris

88 2041 115 2080 20
130 2018 245 2083 bestiis
269 2018 386 2084 terrori
409 2039 489 2102 esse,
512 2017 654 2091 etiamsi,
663 2017 699 2081 in
717 2017 792 2082 illos
812 2017 909 2082 dente
927 2018 975 2081 nil
994 2017 1140 2104 valeant3

127 2107 280 2172 hisvero
309 2107 546 2191 quiescentibus
574 2108 631 2170 aut
657 2105 891 2171 facessentibus
919 2107 970 2171 vel
998 2106 1142 2190 ignavis-

129 2195 244 2260 simam
262 2195 401 2259 bestiam
424 2195 505 2259 totis
524 2193 679 2279 gregibus
697 2194 912 2278 perniciosam
936 2195 1017 2271 satis
1044 2200 1141 2279 atque

128 2281 282 2346 infestam
306 2304 376 2347 esse
400 2281 593 2347 consuesse?

217 2368 253 2434 9.
286 2368 326 2433 In
343 2369 426 2433 hanc
445 2369 512 2433 fere
532 2368 728 2434 sententiam
747 2370 907 2435 Demades
926 2371 1059 2437 dixerat.
1095 2372 1141 2438 At
1158 2386 1198 2439 111

88 2478 114 2519 25
128 2477 203 2521 vero
235 2457 450 2521 Athenienses
481 2456 710 2522 Demosthenis
740 2462 819 2525 tuno
849 2459 986 2524 consilia
1015 2461 1140 2546 flagita·
1164 2462 1198 2512 13

127 2545 224 2630 bant,
261 2545 346 2628 quod
378 2545 502 2611 scilicet
534 2545 602 2609 eius
634 2545 697 2611 viri
729 2548 950 2631 orationisque
987 2551 1139 2615 maiestas

128 2655 223 2717 saepe
247 2656 358 2699 eorum
381 2634 550 2700 commoda
573 2635 775 2719 consiliaque
798 2637 943 2703 rexisset.
987 2637 1069 2702 Tum
1095 2637 1139 2702 di-

127 2723 211 2788 citur
247 2724 275 2788 is
309 2727 419 2789 orator
455 2723 709 2807 consurrexisse,
746 2747 908 2810 manuque
945 2727 984 2790 de
1016 2728 1139 2810 populo

127 2812 347 2877 tumultuante
366 2811 530 2877 silentium
548 2833 685 2896 poscens
704 2813 739 2876 in
757 2813 836 2879 haec
856 2815 974 2898 erupit:
995 2813 1033 2879 ‘0
1053 2816 1140 2880 cives

218 2974 233 3022 1
252 2967 295 3022 his
310 2968 343 3022 P.
366 2960 456 3023 noxiis
472 2969 545 3025 Mai.
564 2968 631 3023 noxi
645 2969 680 3024 A.
699 2968 782 3023 noxio
797 2970 829 3024 P.
883 2976 899 3024 2
917 2970 1089 3040 imprudenti
1103 2971 1140 3027 A.

125 3037 316 3107 imprudentes
337 3039 371 3093 P.
584 3054 594 3060 “

216 3109 245 3165 8.
264 3109 334 3163 4At
363 3110 525 3179 nosscripsa'.
544 3110 588 3163 Ad
598 3112 765 3178 quosqueA.
775 3109 808 3166 P.
827 3128 897 3179 qnos
907 3111 1020 3167 tandem
1030 3114 1138 3182 scripsi.

126 3179 322 3247 quidtandem
363 3181 409 3235 .P.
447 3180 548 3247 aquid
560 3180 632 3234 illud
644 3180 679 3236 P.
698 3180 774 3249 quod
788 3180 859 3235 illud
869 3182 904 3238 A.
943 3188 975 3237 17
989 3199 1025 3237 ne
1040 3184 1107 3250 quid
1122 3199 1141 3236 a

126 3250 265 3305 militibus
278 3251 312 3304 P.
340 3249 463 3319 nequida
481 3250 618 3305 militibus
628 3252 663 3307 A.
692 3269 727 3305 ne
746 3252 813 3319 quid
832 3251 1008 3308 ambitiosius
1027 3253 1140 3324 Bopsea

125 3320 225 3376 Pauor.
244 3325 321 3376 1883
334 3338 364 3392 p.
375 3325 439 3376 308.
471 3338 507 3375 ne
525 3321 593 3390 quid
611 3320 807 3377 immitabilius
826 3323 937 3379 Rdasoh
956 3325 1097 3393 (Zeitscbr.
1117 3326 1138 3391 f.

126 3393 247 3447 dstreicb.
268 3392 366 3464 Gyara.
384 3392 502 3446 XXXI
507 3391 532 3444 1⁷
544 3408 574 3462 p.
590 3396 646 3447 896
656 3395 713 3462 sq).
796 3399 828 3447 19
848 3395 878 3449 et
895 3393 1083 3449 infestissimis
1102 3397 1138 3451 A.

119 3460 312 3515 infestissimis
330 3463 365 3518 P.
443 3467 478 3516 20
497 3460 580 3517 dente
600 3463 634 3517 P.
663 3463 761 3518 dentes
780 3466 816 3518 A.

202 3531 230 3582 9.
260 3537 300 3586 27
318 3532 389 3588 Cum
399 3533 486 3590 huius
498 3537 596 3592 orator
608 3535 873 3592 consurrexissetA.
915 3541 951 3590 aa
968 3536 1100 3602 poposcit
1107 3536 1142 3588 A.
