2414 3826
1008 37 1042 82 0

406 166 525 222 ORTUS
544 166 766 223 ALEXANDRI.
1048 172 1089 236 61

79 327 201 392 Locros
226 327 374 412 protinus
404 330 511 394 vertit.
553 328 624 405 Qua
650 330 686 394 in
712 331 791 394 urbe
819 330 949 395 refectis
973 333 1090 397 animis

76 415 223 481 omnium
251 416 479 500 Agragantum
509 418 622 482 tendit.
671 417 756 482 Eam
783 419 896 483 urbem
923 421 1089 504 ingressus

74 503 216 569 nihilum
246 509 392 569 moratus
429 505 555 570 scandit
585 506 751 591 Apollinis
787 508 948 590 templum
985 531 1089 573 sacer-

76 593 264 676 dotemque,
293 613 376 676 quae
398 593 518 658 ibidem
542 595 734 680 antistabat,
762 595 894 660 solitam
918 597 1089 662 vaticinari

75 682 111 744 in
140 680 174 744 id
203 680 311 765 ipsum
342 682 449 765 coepit
482 704 629 767 urguere.
682 683 857 749 Enimvero
893 706 966 750 cum
997 690 1123 751 vatess

75 769 127 833 dei
149 769 184 832 in
208 790 242 833 se
266 769 445 853 spiratione
473 775 620 836 cessante
652 771 737 836 nihil
763 772 831 837 tale
862 794 1014 856 esposse
1039 775 1087 838 fa·

75 860 207 941 teretur,
230 855 414 922 Alexander
432 863 548 941 motus,
574 860 609 923 ni
632 861 763 943 faceret,
786 860 1013 926 interminatur
1030 865 1088 927 tri·

29 1005 32 1015 .
75 945 194 1030 podam
226 967 353 1030 quoque
384 969 418 1012 se
448 949 488 1012 ad
519 947 669 1012 Herculis
698 948 844 1012 fabulam
876 949 1087 1015 sublaturum.

75 1034 121 1098 Et
144 1040 217 1098 cum
240 1034 327 1099 dioto
351 1035 457 1099 aufert
480 1035 602 1100 scilicet
625 1036 803 1119 tripodam,
830 1058 926 1120 quem
949 1034 1087 1102 Croesus

75 1123 207 1206 quidem
232 1124 516 1206 opulentissimum
539 1127 761 1202 consecrarat3
790 1125 845 1188 sed
867 1147 925 1209 per
947 1148 1021 1190 eum
1044 1126 1087 1191 di·
1103 1149 1129 1188 ro

76 1211 152 1275 vino
177 1211 295 1295 spiritu
319 1216 518 1277 commeante
537 1214 711 1278 vaticinari
732 1213 913 1278 antistitem
936 1214 985 1278 fas
1010 1219 1088 1280 erat.

75 1299 159 1363 Tum
177 1300 281 1365 fertur
304 1322 343 1365 ex
362 1301 461 1385 adyto
479 1323 543 1366 vox
563 1302 603 1365 ad
622 1302 857 1367 Alexandrum:
881 1301 931 1366 ‘ld
950 1303 1088 1388 quidem,

75 1387 161 1472 quod
184 1393 222 1453 tu
243 1388 339 1473 facis,
366 1389 524 1455 Hercules
549 1389 626 1454 fecit
649 1394 682 1454 et
704 1391 760 1455 ille
783 1391 860 1455 deus
889 1395 922 1455 et
948 1395 985 1455 tu
1009 1392 1087 1456 divi-

73 1476 174 1541 nitati
193 1477 257 1541 iam
277 1477 468 1543 destinatus.
505 1478 611 1558 Quare
630 1482 663 1542 te
681 1501 741 1562 par
760 1484 809 1544 est
828 1480 910 1543 nihil
931 1480 966 1544 in
983 1483 1088 1546 nostri

74 1566 306 1630 contumeliam
332 1567 408 1649 niti,
436 1567 463 1631 si
491 1567 587 1632 modo
611 1569 787 1633 virtutibus
816 1569 881 1632 tuis
911 1590 948 1632 ex
976 1569 1087 1634 favore
1102 1591 1128 1632 15

72 1654 243 1718 numinum
272 1654 440 1719 consulis.'
490 1654 588 1720 Hisce
617 1656 711 1720 dictis
739 1678 778 1720 ex
807 1657 906 1740 adyto
936 1657 1026 1722 addit
1055 1663 1087 1722 et
1171 1666 1174 1672 '

73 1746 181 1807 rates:
201 1740 265 1807 ‘En
283 1742 381 1828 vides,
399 1766 466 1828 rex,
484 1744 569 1827 quod
587 1745 645 1809 illa
659 1745 720 1809 tibi
737 1745 879 1809 numinis
894 1746 1088 1831 praestigiat

74 1830 247 1914 divinatio,
282 1853 363 1916 quae
396 1836 429 1896 et
460 1831 633 1897 Herculem
666 1836 699 1896 et
731 1832 950 1898 Alexandrum
984 1838 1087 1900 vocat.

73 1918 180 2003 Igitur
212 1920 405 2004 praenuntio
437 1921 500 1984 tibi
531 1921 602 1986 fore
637 1924 728 1984 actus
762 1924 837 1988 tuos
869 1920 1087 1985 humanorum

75 2007 221 2072 omnium
239 2008 391 2073 fortiores
410 2030 592 2092 nomenque
609 2031 668 2092 per
686 2009 815 2073 saecula
832 2008 1087 2093 porrigendum?
1101 2031 1128 2070 so

165 2094 224 2162 dl.
247 2095 333 2162 Hinc
347 2119 419 2162 cum
434 2097 563 2161 Thebas
577 2096 1026 2161 Alexandertranscendisset
1052 2103 1147 2160 XLVI.

73 2189 262 2269 peteretque
285 2186 456 2250 Thebanos
484 2184 627 2250 indidem
651 2189 850 2250 armatorum
873 2184 962 2248 mille
989 2185 1086 2250 comi·
1105 2199 1149 2250 64.
1190 2248 1194 2255 ,

73 2277 190 2357 tatum,
209 2273 357 2339 Thebani
375 2278 487 2359 portas
506 2274 679 2358 posthaec
701 2277 872 2359 praecepta
891 2274 1079 2339 clauserunt
1163 2276 1166 2280 ’
1194 2277 1196 2282 ’

74 2361 217 2446 factique
245 2362 313 2428 eius
337 2365 555 2428 temeritatem
582 2384 654 2428 cum
679 2363 916 2448 supplicatione
944 2386 1012 2429 non
1036 2386 1053 2428 e
1096 2380 1098 2384 ‘

74 2455 253 2533 cusassent,
272 2473 362 2516 arma
381 2473 547 2538 sumpsere
571 2457 604 2517 et
622 2453 663 2517 ad
681 2453 896 2518 resistendum
932 2452 943 2515 i
978 2460 1021 2481 ²¹
1035 2455 1086 2518 iae
1101 2478 1126 2519 ss

74 2537 254 2603 Alexandri
282 2561 353 2604 sese
380 2562 550 2625 paravere3
578 2541 762 2624 adduntque
790 2541 842 2605 his
870 2541 906 2605 ill
958 2537 1088 2625 squin-

75 2630 191 2711 gentos
211 2632 353 2692 armatos
378 2650 394 2691 e
418 2629 484 2692 suis
504 2630 604 2694 muris
624 2630 772 2694 insistere
792 2650 829 2693 ac
848 2650 925 2693 voce
944 2630 1087 2693 maxima

166 2806 180 2854 1
200 2818 257 2869 qua
270 2808 355 2857 oms.
389 2802 562 2872 agragantiis
576 2802 701 2858 ostendit
714 2817 763 2855 rex
776 2802 873 2856 urbem
882 2807 909 2856 r.
947 2807 963 2854 2
980 2802 1056 2871 Quae
1071 2820 1089 2856 a

74 2873 164 2926 rabie
178 2871 261 2925 ‘Eam
271 2872 379 2926 urbem’
395 2890 479 2942 usque
493 2875 531 2928 ad
543 2875 624 2940 daem
633 2874 716 2928 huius
730 2873 830 2940 capitis
842 2874 978 2940 loquatur,
992 2887 1042 2926 orn.
1053 2873 1086 2926 P.

75 2948 141 2996 dse
160 2949 249 2996 om.'r.
291 2944 474 3013 9tripoda'r.
514 2949 547 2997 10
567 2944 779 3013 opulentissimo
790 2949 817 2995 Τ.
856 2950 887 2995 11
908 2941 1049 2996 antistites
1059 2949 1086 2995 Τ.

77 3019 108 3066 12
125 3012 226 3068 Versus
240 3014 341 3069 Ederh.
353 3016 402 3068 -c'ta
420 3017 559 3070 restituere
577 3020 692 3069 coaetus
710 3018 762 3068 est:
780 3013 812 3067 Id
831 3013 943 3080 quidem
963 3013 1037 3081 quod
1056 3013 1088 3066 tu

73 3083 145 3138 facis
157 3083 160 3155 1
173 3083 225 3138 Ille
239 3084 307 3138 fecit
321 3084 455 3140 Hercules
468 3085 472 3157 1
485 3087 522 3156 111
536 3083 679 3140 divinitati
693 3098 750 3153 ism
762 3084 765 3156 1
778 3084 939 3140 Destinatus
960 3088 988 3137 et
1003 3083 1085 3155 deuel

76 3154 167 3219 Quare
191 3157 220 3209 et
241 3158 271 3209 te
294 3171 345 3225 par
368 3157 411 3209 est
432 3156 524 3223 nihil!
545 3156 643 3210 Nostri
666 3156 919 3211 in'tcontumeliam
940 3157 944 3222 1
966 3153 1040 3223 Niti,
1065 3157 1089 3209 si

75 3225 160 3280 modo
169 3224 226 3280 tuis
238 3225 241 3297 1
252 3226 380 3282 Consulis
390 3225 542 3282 virtutibus
552 3228 555 3299 1
565 3228 608 3281 Ex
616 3227 713 3282 favore
723 3227 876 3281 numinum.
912 3231 945 3278 14
958 3225 1047 3280 nostri
1052 3226 1087 3280 A.

74 3312 178 3368 nostris
193 3321 220 3368 Τ.
260 3320 292 3368 17
312 3314 385 3369 vatis
399 3321 427 3368 Τ.
452 3315 523 3378 illud
538 3322 566 3372 Τ.
592 3297 723 3385 praes-gia
737 3322 764 3369 Τ.
803 3320 835 3369 18
854 3329 925 3382 quae
939 3313 1088 3369 Herculem
1119 3323 1128 3331 ‘

75 3383 266 3440 Alexandrum
285 3391 313 3440 Τ.
387 3391 420 3440 19
434 3386 629 3456 praenuntiari
647 3386 706 3441 fore
725 3393 751 3440 Τ.

165 3456 213 3512 51.
246 3461 279 3511 21
301 3455 457 3512 Alexander
476 3474 525 3526 orq.
547 3457 582 3510 P.
650 3465 684 3513 23
704 3457 828 3511 elausere
849 3457 883 3510 Ρ.
953 3461 995 3509 ‘tt
1009 3472 1096 3508 exou-

76 3527 172 3581 sarent
185 3528 218 3582 P.
262 3533 296 3581 26
315 3543 345 3582 se
361 3534 570 3599 praeparavere
587 3531 621 3588 P.
665 3537 698 3589 ‘ll
721 3530 761 3586 ad
776 3546 885 3586 uocem
899 3521 1123 3582 maxima-ml?-
