2414 3826
131 205 174 269 70
449 235 452 245 ι
553 206 662 261 LIBER
679 206 713 260 Π.

128 391 187 434 nes
213 368 464 434 Atheniensibus
494 369 591 433 struis
620 370 772 435 territans
799 391 858 435 nos
887 373 920 434 et
948 374 1095 435 avertens
1121 394 1141 435 a

128 458 207 522 belli
231 457 361 541 studiis,
385 459 501 541 quibus
520 457 633 542 inclyti
653 480 779 542 semper
802 461 898 543 atque
921 459 1140 542 inopinabiles

128 544 270 610 fuimus?
315 545 383 611 Aut
411 567 492 630 quae
519 549 551 610 te
578 550 647 612 tam
670 547 789 613 infesta
816 548 1001 612 caelestium
1025 548 1075 612 vis
1104 548 1139 612 in

88 664 92 673 ·
128 635 209 700 baec
232 635 332 701 verba
355 636 518 719 sollicitat,
544 658 615 700 oum
639 641 675 701 tu
699 636 838 700 suaseris
862 639 894 699 et
917 636 1034 701 merito
1058 637 1138 701 olim

101 727 376 808 aeonstanterque
400 725 598 809 persuaseris
622 746 713 790 arma
735 746 794 789 nos
819 746 944 789 sumere
968 725 1139 790 adversum

126 812 242 877 Persas
271 818 304 878 et
331 815 364 878 in
393 814 449 878 illa
476 816 527 878 tot
554 813 698 879 hostium
725 813 815 878 milia
837 815 1013 878 instructos
1036 814 1138 879 ferme

127 901 197 966 sola.
230 902 331 966 animi
358 902 478 967 virtute
510 902 684 985 militasse,
714 905 748 968 at
774 924 860 967 nunc
888 905 1012 985 contra,
1045 904 1139 986 quasi

125 990 269 1056 intentos
294 1012 397 1073 arcus,
421 991 467 1056 sic
490 991 574 1055 idem
595 991 783 1056 obfirmatas
806 991 983 1056 sententias
1007 993 1137 1056 nostras

125 1078 338 1144 remittendas
372 1101 409 1145 ac
440 1079 631 1145 relaxandas
663 1078 784 1164 putes?
842 1077 1003 1145 Censesne
1034 1079 1138 1163 igitur

65 1201 66 1204 ¹
86 1188 112 1227 10
126 1168 295 1235 vitandam
318 1168 603 1251 declinandamque
621 1168 717 1233 nobis
736 1168 911 1252 pueritiam
935 1189 1008 1232 cum
1027 1172 1138 1252 tyran-

125 1257 210 1342 nide,
228 1258 290 1322 duo
308 1257 442 1322 nomina
455 1256 741 1340 inconsultissima,
760 1255 846 1320 freta
864 1257 1047 1321 temeritate
1067 1258 1137 1321 sola

127 1349 160 1410 et
192 1346 325 1411 audacia
356 1344 463 1429 patris
496 1344 784 1409 confidentissimi?
837 1343 961 1409 Deinde
993 1345 1043 1408 illi
1075 1367 1137 1410 nos

125 1433 242 1497 horum
270 1433 336 1498 tela
365 1436 460 1517 atque
489 1432 591 1498 aciem
619 1432 896 1518 perhorrebimus,
927 1433 981 1516 qui
1008 1433 1136 1499 Xerxae

124 1521 215 1586 milia
245 1520 472 1606 averterimus,
502 1521 774 1586 Lacedaemonios
804 1521 992 1604 vicerimus,
1025 1520 1137 1586 Corin-

85 1628 110 1670 15
124 1609 213 1674 thios
238 1611 461 1695 straverimus,
483 1608 631 1694 Megares
654 1610 688 1674 in
711 1611 824 1695 fugam
846 1610 1053 1695 verterimus,
1077 1609 1136 1676 Za·

125 1698 275 1782 cynthius
313 1698 551 1763 exciderimus?
606 1697 717 1764 Nosne
754 1717 831 1782 ergo
864 1698 1049 1764 Alexandro
1086 1700 1137 1764 illi

124 1807 220 1871 quem
247 1787 326 1872 dixi,
354 1791 391 1852 ut
418 1786 597 1852 Aeschines
625 1787 750 1870 suadet,
776 1786 951 1852 vitabimus
980 1787 1134 1853 obviare?

214 1875 247 1944 6.
271 1875 446 1942 Enimvero
466 1877 513 1942 ait
531 1897 706 1941 memorem
725 1875 817 1940 illum
835 1875 1015 1961 magisterii
1033 1878 1134 1942 vestri
1151 1880 1195 1931 10.

124 1965 439 2051 disciplinammque,
462 1987 542 2051 quas
566 1965 653 2050 apud
675 1967 805 2030 nostros
823 1965 946 2048 peritos
966 1967 1135 2052 acceperit,

84 2073 110 2114 ro
124 2057 157 2118 et
174 2055 297 2138 pudore
312 2054 504 2120 flectendum
528 2059 561 2119 et
582 2053 763 2120 reverentia
781 2052 991 2118 molliendum
1010 2055 1135 2120 vultus·

124 2164 185 2229 que
214 2144 302 2228 ipsos
327 2148 457 2209 nostros
485 2143 644 2228 religione
672 2142 865 2226 praeteritae
893 2144 1135 2210 consuetudinis

122 2229 255 2296 minime
284 2236 541 2315 aspamaturum.
588 2229 615 2295 Ο
643 2253 713 2297 rem
740 2229 911 2296 ridiculam
937 2235 970 2295 et
991 2233 1135 2316 puerilis,

122 2319 393 2404 mediusfidius,
417 2319 624 2401 abiectaeque
648 2319 840 2384 sententiae!
887 2320 1050 2386 Absentes
1074 2343 1134 2386 nos

124 2407 330 2472 contumeliis
357 2407 525 2472 lacessivit
553 2412 585 2471 et
614 2407 654 2472 ad
683 2408 878 2492 supplicium
902 2408 975 2473 dedi
999 2410 1062 2474 sibi
1085 2414 1134 2494 ty·

84 2512 110 2554 sa
124 2495 257 2559 rannieo
282 2494 399 2578 spiritu
418 2494 564 2578 postulat
587 2498 619 2559 et
641 2496 811 2560 interitum
829 2501 976 2562 nostrum
998 2498 1135 2562 molitur

124 2582 327 2668 civitatisque
350 2582 512 2669 praeludit
535 2582 670 2649 exitium
692 2584 736 2669 is,
760 2606 779 2649 a
803 2607 866 2669 quo
889 2587 1053 2670 praesenti
1076 2609 1133 2651 no·

123 2671 174 2735 bis
192 2671 430 2737 humanitatem
448 2673 546 2739 istam
571 2676 603 2738 et
622 2672 798 2738 amicitiam
816 2674 1034 2739 hariolamini.
1071 2673 1104 2739 N
1105 2696 1135 2740 e·

124 2781 186 2844 que
213 2760 293 2826 illud
315 2783 411 2847 mage
439 2783 524 2826 nuno
553 2765 628 2828 ante
657 2762 768 2827 oculos
796 2763 897 2842 venit,
925 2761 1135 2847 Stesagoram

122 2851 271 2915 nostrum
293 2848 536 2916 Plataeensium
559 2851 755 2936 magistratu
779 2849 961 2917 deiectum?
984 2851 1018 2915 in
1041 2851 1134 2916 cuius

213 3009 227 3057 7
242 3003 280 3059 At
287 3004 323 3061 A.
342 3007 383 3061 Ac
392 3006 425 3061 P.
463 3012 480 3061 8
494 3007 616 3062 intentos
631 3011 778 3063 correctum
791 3008 822 3062 in
836 3007 960 3064 intentus
968 3008 1003 3062 A.
1023 3010 1134 3063 nostras

122 3075 303 3130 remittendas
323 3092 373 3134 om.
391 3077 425 3130 P.
500 3083 531 3131 11
551 3079 739 3133 temeritatem
758 3076 867 3134 scilicet
885 3081 914 3133 et
933 3078 1078 3134 audatiam
1099 3080 1134 3134 P.

124 3145 242 3201 milles
262 3147 295 3202 P.
352 3152 385 3202 15
405 3148 532 3218 Megares
551 3148 629 3217 Epir.
657 3147 835 3218 Megarenses
851 3151 925 3206 Mai.
953 3166 1082 3220 mageros
1097 3150 1134 3206 A.

122 3217 243 3286 megaris
263 3218 296 3271 P.
341 3217 507 3274 verterimus
526 3219 561 3274 A.
591 3219 772 3275 averterimus
793 3219 827 3276 P.
902 3227 935 3276 17
954 3222 1078 3277 vitamus
1099 3222 1134 3276 P.

211 3287 239 3344 6.
273 3293 307 3342 20
325 3291 357 3344 ut
375 3288 532 3346 reverentia
550 3290 582 3344 P.
668 3295 702 3345 25
720 3289 836 3346 molitur
852 3294 961 3362 scripsi.
989 3291 1134 3347 interitum

122 3359 247 3412 nostrum
270 3357 389 3415 moliens
412 3360 536 3416 civitatis
559 3360 701 3430 praeludit
724 3360 809 3417 exitio
833 3363 889 3418 Mr.
930 3363 985 3418 iter
1007 3365 1137 3418 nostrum

123 3428 198 3496 olym
225 3428 403 3499 civitatisque
449 3431 571 3488 raeludit
596 3431 712 3488 exitium
735 3431 771 3486 A.
815 3431 888 3487 inter
913 3437 1039 3489 nostmm
1065 3434 1135 3489 olim

113 3495 297 3565 civitatisque
311 3501 415 3569 praelo
442 3501 461 3558 't
481 3500 598 3559 exitium
610 3503 644 3560 P.
681 3508 715 3558 26
735 3504 876 3573 praesenti
887 3505 923 3559 A.
951 3504 1087 3575 praeferri
1098 3506 1132 3559 P.

93 3564 137 3610 27
149 3565 300 3622 amicitias
319 3572 355 3629 P.
