2414 3826
386 177 507 233 ORTUS
526 176 751 233 ALEXANDRI.
1032 178 1073 244 13

55 341 200 425 positum
219 339 419 405 interturbat
438 339 540 425 deque
564 361 610 424 ea,
634 341 662 405 si
686 339 763 424 quid
782 340 944 425 inquirere
967 341 1072 409 curio·

54 428 126 494 sius
150 429 254 511 voles,
277 432 330 493 sat
351 429 427 515 tibi,
450 429 565 513 lector,
592 427 712 493 habeto
736 428 896 494 Graecum
920 429 1073 496 Favorini

54 518 185 598 librum,
209 516 266 602 qui
289 516 491 602 Omnigenae
514 516 673 582 historiae
698 517 958 601 superscribitur.
998 519 1072 586 Illic

54 606 158 672 etiam
187 606 314 690 generis
337 605 515 672 Alexandri
542 606 703 671 inveneris
727 606 857 691 seriem,
885 608 937 673 cui
960 610 1073 693 generi

54 695 254 781 principium
276 695 478 778 praestitisse
500 693 611 760 ferunt
631 693 796 761 Oceanum
819 695 871 760 vel
890 695 1098 781 Thetidema

53 784 193 870 exinquo
207 782 340 848 fluxisse
358 805 417 868 per
432 782 595 849 Acrisium
610 783 822 868 Danaumque
841 788 937 868 atque
952 785 1073 852 Persea

54 873 241 957 multosque
265 872 346 938 alios
369 874 405 936 in
427 872 599 937 Perdiccae
624 892 744 956 genera
767 873 819 938 vel
837 873 1071 959 Philipporum.

55 960 140 1026 Nam
171 982 212 1025 ne
240 959 427 1045 Olympiadi
457 960 587 1045 quidem
615 981 706 1026 secus
736 981 883 1046 propago
914 983 1071 1046 generosa
1121 1005 1123 1008 >

56 1053 122 1132 est,
150 1050 203 1115 cui
230 1049 400 1134 diligentia
423 1050 495 1133 pari
519 1071 538 1113 a
560 1048 674 1113 mundi
695 1049 856 1133 principio
880 1071 939 1133 per
961 1049 1071 1117 Satur·

55 1161 134 1203 num
166 1143 263 1222 atque
288 1138 492 1222 Neptunum,
520 1141 592 1202 tum
620 1139 718 1202 etiam
745 1137 926 1203 Telamona
955 1140 1071 1214 seriem
1085 1161 1109 1200 lo

55 1227 186 1311 generis
215 1228 368 1310 attexuit,
399 1227 438 1291 ad
470 1228 666 1311 tertiumque
693 1225 946 1310 Neoptolemum
977 1228 1071 1293 docet

55 1317 244 1400 prosapiam
284 1316 476 1397 defluxisse,
518 1315 608 1380 cuius
648 1335 729 1381 acor
769 1315 925 1381 Anasafia
967 1320 1071 1382 mater

55 1404 259 1488 Olympiadis
292 1405 381 1469 cluit,
432 1403 539 1488 Igitur
569 1405 613 1469 od
642 1403 864 1469 Alexandrum
897 1427 988 1471 mens
1020 1428 1071 1472 re·

55 1498 174 1558 currat.

145 1580 228 1646 Erat
251 1579 379 1665 quidem
407 1581 463 1646 ille
492 1581 532 1645 ad
556 1602 668 1646 omnes
696 1581 823 1645 litteras
846 1581 913 1646 iam
936 1585 1068 1668 peritus,
1084 1602 1109 1644 rs

55 1673 90 1734 et
112 1670 176 1734 sibi
195 1669 330 1753 quisque
349 1669 444 1734 ludus
464 1671 497 1732 in
517 1691 616 1753 puero
635 1669 804 1751 imperiale
823 1669 946 1754 aliquid
964 1671 1072 1737 fuerat

54 1759 334 1826 meditamentum.
351 1755 438 1822 Nam
453 1758 556 1823 sicubi
570 1765 698 1841 tempus
712 1779 786 1823 cum
797 1758 909 1823 labore
919 1759 1069 1826 lectionis

56 1844 257 1929 absolverat,
284 1849 318 1911 et
343 1845 487 1912 iudicare
515 1847 631 1912 solitus
657 1847 742 1910 inter
765 1868 944 1931 aequaevos
969 1853 1002 1913 et
1024 1851 1070 1914 in·

55 1935 219 2018 dustriari,
243 1938 402 2020 quatenus
426 1937 513 2000 inter
536 1936 597 2000 hos
620 1938 813 2020 argumenta
835 1936 935 2018 iurgii
957 1958 1070 2001 nasce-

46 2027 184 2108 ‘rentur3
209 2027 347 2089 actone
370 2023 465 2089 alteri
488 2023 689 2108 iurgantium
712 2022 841 2107 favens,
864 2022 921 2086 ubi
943 2023 1110 2106 partemio

54 2112 144 2177 illius
167 2113 304 2197 ingenio
320 2113 532 2197 sublevasset,
555 2112 670 2177 solitus
693 2111 728 2174 in
750 2111 946 2175 contrariam
969 2113 1070 2177 resul-

54 2206 126 2267 tare
145 2223 323 2286 rursusque
336 2207 449 2267 contra
464 2223 544 2284 cam,
564 2201 617 2266 cui
630 2200 740 2284 paullo
756 2202 831 2264 ante
846 2200 1069 2284 patrocinatus

54 2289 177 2374 fuerat,
205 2291 320 2356 dicere.
363 2289 478 2375 Itaque
502 2311 575 2356 cum
599 2311 696 2374 saepe
719 2289 847 2374 utrique
870 2290 955 2372 parti
979 2290 1069 2355 utilis

53 2378 177 2444 favisor
196 2401 234 2443 ac
253 2383 405 2443 strenuus
425 2381 528 2445 victor
545 2379 640 2465 foret,
658 2377 844 2462 opinionem
863 2400 928 2443 non
946 2379 1070 2445 frustra

56 2468 119 2532 sibi
143 2467 330 2551 spectabilis
353 2468 477 2552 ingenii
500 2468 718 2533 confirmarat.
764 2467 893 2532 Interea
914 2468 989 2553 viri,
1013 2468 1069 2552 qui
1083 2487 1109 2530 aa

54 2554 200 2640 Philippi
224 2560 372 2621 armenta
390 2558 442 2621 vel
466 2558 588 2641 equitia
612 2557 779 2634 curabant,
804 2577 921 2638 equum
945 2562 1070 2641 specta·

55 2645 132 2709 bilis
165 2645 290 2710 formae
319 2645 561 2730 pulchritudine
592 2645 778 2711 absolutum
807 2644 878 2726 regi
909 2644 1070 2709 deducunt

56 2733 211 2818 aiuntque
234 2734 326 2809 illum
350 2734 489 2799 armenti
512 2734 640 2818 quidem
663 2732 795 2834 regalis·
808 2751 924 2814 genus,
951 2733 1069 2834 forma·

54 2825 126 2886 tum
144 2823 280 2906 pedibus
301 2823 341 2887 ad
359 2822 478 2908 Pegasi
495 2823 642 2888 fabulam
664 2819 873 2905 opmabrlem,
897 2823 930 2884 et
948 2843 976 2884 s1
996 2823 1069 2906 equi

146 2984 163 3032 3
178 2978 354 3048 postlibrum
362 2979 463 3034 Eberh.
478 2980 629 3048 interponit
643 2975 755 3032 adiisse.
775 2975 950 3046 Omnigenae
962 2978 1017 3032 scri
1037 2978 1069 3032 si.

57 3049 142 3105 Omni
159 3065 263 3119 genere
283 3051 317 3104 P.
391 3050 565 3105 tAcrisium
584 3050 768 3117 Danaumque
788 3048 846 3103 Mc.
876 3047 998 3102 Acrisios
1042 3065 1070 3102 a·

56 3137 181 3247 pqqsqpp
190 3120 224 3176 P.
240 3120 529 3247 131lelteqppclqmum
538 3121 625 3246 ἥξω..
639 3118 875 3245 Ileoptoqqmeppr
882 3119 915 3174 P.
938 3123 986 3244 ti12
1002 3135 1071 3243 uxpp

116 3235 122 3247 .
179 3209 203 3248 r.
348 3209 512 3248 a.cr.
604 3207 791 3246 siarcur.
901 3206 1069 3243 uanus.

55 3260 143 3332 iurgii
156 3263 239 3333 Berp.
265 3262 357 3332 iurgia
372 3263 406 3317 P.
477 3210 512 3317 ab
531 3279 565 3318 ac
579 3263 635 3318 Mr.
655 3260 692 3316 ad
708 3260 744 3318 P.
768 3208 974 3331 partemqillius
987 3260 1069 3327 Bere.

56 3333 212 3404 partemius
231 3335 264 3388 P.
320 3339 353 3388 22
373 3349 510 3401 rususque
530 3335 564 3389 P.
594 3333 788 3403 patrocinatus
805 3332 918 3400 δωρεὴ
936 3330 1014 3400 prius
1036 3331 1069 3387 P.

55 3407 192 3474 patronus
211 3404 312 3461 Ebcrb.
404 3412 437 3460 29
457 3407 485 3459 A
504 3406 605 3460 verbis:
629 3404 717 3458 ‘etsi
737 3403 816 3472 equi'
843 3404 987 3471 incipiant
1003 3403 1079 3465 <otta

56 3477 300 3599 codtapreseqrtt
309 3476 431 3605 {cuma
452 3495 471 3534 a
491 3476 572 3536 Muto
587 3477 665 3536 editu
677 3475 748 3550 (ἢ.
778 3476 809 3532 s'r
825 3472 899 3545 euxia
907 3473 995 3542 spu„
1008 3470 1104 3522 Zaab-

52 3560 116 3612 eqni
161 3565 220 3601 ,sr
240 3566 289 3618 qur
337 3592 342 3605 .
