2414 3826
412 183 531 239 Oleros
550 183 776 240 ALEXANDRI.
1053 183 1096 248 21

83 370 124 414 ex
147 347 294 412 aetatula
311 347 378 412 iam
397 345 521 411 recenti
544 346 585 411 ad
607 346 687 412 haec
710 345 791 411 mihi
810 346 988 412 studiosius
1003 333 1097 430 prae·

82 435 217 522 paravi?
260 434 351 500 Haec
374 456 502 519 quoque
524 435 684 518 professio
707 435 895 520 Philippum
918 435 1009 500 iuvat
1031 435 1099 500 lau-

83 527 262 608 datumque
293 523 392 588 studii
419 523 522 589 filium
550 523 644 589 facile
672 524 824 607 dimittit,
854 546 927 591 cum
956 524 1098 609 primum

82 615 148 681 sibi
167 612 280 678 deduci
300 611 342 677 ad
355 611 488 696 navigia
507 631 620 678 currus
639 616 673 677 et
691 635 783 679 arma
796 614 956 680 iussisset.
992 613 1098 698 Igitur

82 723 215 768 escensa
233 701 311 766 nari
325 701 562 784 comitatusque
576 701 818 785 Hephaestione
833 703 937 769 amico
957 702 1123 768 secundas

83 790 258 856 admodum
280 790 476 874 tempestate
499 788 589 854 Elim
612 791 797 875 adpellitur.
1107 810 1110 815 ’

174 876 232 945 ll.
267 877 337 955 Quo
368 879 403 943 in
431 878 504 943 loco
536 899 608 943 cum
639 900 794 964 equorum
825 884 935 944 curam
965 878 1097 944 famulis
1115 880 1142 934 2·

81 967 304 1033 mandavisset
334 969 431 1049 atque
460 966 531 1050 ipsc
557 968 664 1033 uisum
691 968 763 1032 loca
790 967 1098 1051 deambulatumque

81 1056 286 1141 procederet,
316 1056 430 1119 obviat
453 1055 538 1120 forte
564 1054 702 1121 Nicolao
728 1056 870 1139 cuidam,
900 1055 1097 1120 adolescenti

80 1146 197 1229 regulo
216 1166 255 1208 ex
272 1143 465 1208 Acarnania.
502 1142 627 1210 Oelsius
647 1144 775 1229 quidem
794 1145 853 1210 illo
872 1149 906 1208 et
925 1145 1096 1209 sublimius
1111 1158 1137 1199 10

82 1255 117 1298 se
135 1233 270 1316 ferente,
293 1233 413 1317 quippe
437 1233 493 1315 qui
516 1233 638 1316 duplici
661 1255 762 1316 eoque
785 1232 948 1317 perflabili
966 1232 1099 1298 deorum

82 1321 280 1387 adminiculo
300 1321 473 1404 levaretur,
493 1322 659 1405 opulentia
678 1322 801 1388 scilicet
815 1323 865 1388 vel
883 1321 1025 1406 fortuna,
1042 1320 1099 1386 ha·

80 1411 183 1476 bebat
205 1412 316 1474 tamen
338 1408 496 1475 Nicolaus
519 1411 599 1495 ipse,
625 1411 710 1496 quod
734 1411 797 1476 sibi
820 1412 859 1476 de
883 1411 950 1477 suis
973 1411 1097 1476 viribus

81 1499 302 1584 polliceretur.
347 1496 572 1564 Nihilominus
601 1500 771 1566 salutando
795 1500 981 1566 Alexandro
1005 1521 1096 1585 prae·-

82 1589 171 1653 stitit
190 1608 224 1652 se
242 1588 395 1670 priorem,
413 1588 560 1652 nesciens
580 1590 678 1653 etiam
696 1593 775 1654 tunc
793 1589 859 1655 itus
878 1590 965 1654 illius
983 1610 1098 1654 causas
1112 1600 1139 1642 1⁵

82 1687 117 1741 et
142 1676 328 1741 certaminis
357 1675 511 1742 studium.
555 1676 631 1741 Fuit
658 1681 767 1743 tamen
795 1700 862 1743 non
890 1679 958 1743 sine
987 1682 1099 1743 contu·

82 1765 181 1831 melia
197 1763 367 1845 salutati03
386 1785 464 1829 nam
479 1768 511 1829 et
525 1763 651 1848 ‘Have'
666 1767 783 1850 inquit,
801 1765 833 1832 ‘o
847 1766 949 1852 puer',
967 1788 1027 1832 nec
1042 1766 1099 1830 ille

80 1875 149 1920 non
164 1853 275 1918 sedulo
289 1852 457 1918 resalutat.
483 1853 572 1919 Tunc
587 1855 727 1920 secundo
741 1854 895 1921 Nicolaus
911 1855 967 1920 ‘Et
982 1852 1098 1938 quem,'

81 1943 198 2026 inquit,
218 1940 389 2005 ‘arbitrare
408 1944 441 2006 te
459 1945 529 2007 tam
547 1943 741 2007 incuriosius
757 1942 938 2007 salutasse?
970 1942 1097 2026 Quippe

82 2051 144 2116 ego
163 2028 321 2095 Nicolaus
340 2028 396 2094 ille
416 2051 488 2095 sum
507 2052 564 2095 rex
582 2029 811 2096 Acarnanum?
847 2028 1032 2093 Alexander
1049 2051 1097 2094 re·
1112 2043 1139 2084 2⁰

80 2119 160 2184 fert:
190 2117 310 2183 ‘Istam
334 2117 560 2203 adrogantiam
588 2140 655 2183 non
680 2119 794 2202 probo.
840 2118 926 2196 Quid
952 2117 1039 2182 enim
1065 2120 1100 2182 te
1154 2133 1161 2156 ·’

82 2208 211 2273 iuvabit
244 2205 374 2290 imperii
404 2229 489 2272 vana
521 2208 655 2273 iactatio
689 2207 729 2272 de
763 2207 911 2272 secundis
946 2206 1098 2272 crastinis

81 2295 316 2362 fluctuantem?
362 2294 438 2361 Non
467 2297 552 2360 enim
576 2296 679 2375 vides,
707 2299 745 2360 ut
773 2301 860 2362 stare
885 2298 1018 2362 fortuna
1040 2296 1099 2361 ho-

82 2386 207 2450 minum
230 2383 369 2467 nesciat,
398 2387 497 2467 utque
525 2387 560 2450 in
584 2386 636 2450 his
659 2385 810 2471 fragilior
832 2387 1004 2467 habeatur,
1032 2386 1099 2471 qui-

83 2495 220 2558 cumque
243 2473 302 2536 illa
321 2473 381 2538 dea
399 2473 551 2539 victitant
574 2474 788 2540 nixabundi‘?'
833 2475 885 2539 Ad
904 2476 984 2541 haec
1001 2473 1098 2540 Nico·
1113 2485 1139 2528 2⁶

82 2563 169 2627 laus:
193 2561 293 2626 ‘Haec
313 2560 464 2646 quidem,'
488 2564 603 2647 inquit,
626 2563 704 2629 ‘non
726 2564 909 2646 invenuste3
934 2564 1097 2629 enimvero

83 2652 181 2715 velim
211 2651 307 2728 scire,
336 2672 392 2715 cur
420 2651 521 2735 adsis3
548 2674 625 2716 nam
653 2656 687 2717 te
710 2652 855 2735 Philippi
877 2652 982 2715 filium
1008 2653 1098 2716 fama

83 2739 274 2822 praelocuta
297 2738 368 2804 est?
413 2737 550 2805 Fatetur
572 2739 757 2805 Alexander
780 2744 813 2804 et
837 2761 908 2804 sese
932 2740 973 2805 ad
996 2743 1097 2805 certa-

174 2919 188 2966 1
213 2927 248 2965 ex
270 2912 363 2967 tabula
385 2913 418 2967 P.
447 2930 482 2968 ex
504 2913 596 2968 tutela
618 2914 654 2969 A.
727 2918 743 2966 3
764 2912 889 2968 studium
911 2912 964 2967 lilii
988 2912 1022 2966 P.
1056 2911 1097 2967 di-

82 2983 173 3038 mittit
190 2983 290 3039 Ebcrb.
318 2983 459 3053 permittit
476 2985 551 3039 A.P.
643 2989 792 3040 descensa
816 2985 890 3040 Mai.
919 2998 1039 3039 excensa
1060 2984 1096 3037 A.

39 3095 41 3098 -
82 3055 194 3110 excelsa
211 3054 245 3109 P.
278 3053 442 3110 Hefestione
460 3055 497 3110 A.
523 3055 643 3110 sectione
664 3055 698 3109 P.

172 3125 221 3181 11.
241 3129 257 3178 8
276 3125 335 3195 ipse
353 3142 409 3182 aare
429 3142 460 3182 aa.
489 3143 578 3196 ipsius
597 3127 633 3182 A.
642 3126 676 3181 P.
704 3126 781 3196 ipsus
800 3127 939 3182 Mai.Mr.
1004 3130 1037 3180 10
1055 3141 1098 3179 re-

81 3196 149 3265 gulo
173 3195 308 3252 MatMr.
337 3212 367 3250 re
422 3197 427 3208 '
452 3197 487 3251 A.
495 3198 529 3252 P.
613 3203 645 3252 13
664 3197 753 3265 ipsius
775 3200 851 3266 quod
875 3201 904 3252 et
926 3196 961 3251 de
984 3194 1039 3250 sibi
1062 3195 1097 3250 de

82 3266 140 3320 suis
159 3267 192 3321 P.
232 3271 264 3322 15
285 3268 412 3322 nescisne
430 3269 530 3336 scripsi
548 3284 610 3324 cum
630 3269 720 3323 Maio.
749 3269 859 3324 nescius
873 3269 948 3324 AP.
984 3267 1042 3321 itus
1060 3267 1096 3320 A.

81 3337 124 3393 ius
143 3338 179 3392 P.
212 3354 311 3392 causas
331 3341 366 3394 A.
393 3355 475 3394 cause
495 3338 527 3394 P.
575 3345 608 3394 16
628 3340 723 3394 tamen
742 3356 793 3394 om.
812 3341 845 3394 P.
892 3344 926 3394 18
944 3355 1001 3393 non
1021 3338 1052 3393 Τ.
1062 3337 1096 3391 P.

81 3424 132 3464 om.
151 3409 187 3462 A.
235 3414 267 3463 19
287 3409 421 3464 arbitrere
440 3409 475 3465 A.
508 3412 567 3464 tam
585 3410 621 3464 A.
629 3410 663 3465 P.
690 3409 747 3464 iam
766 3410 867 3466 Ebcrb.
893 3412 989 3464 tamen
1008 3408 1097 3464 curio·

81 3480 139 3534 sius
161 3479 191 3534 T.
305 3483 339 3534 25
357 3481 409 3535 illa
431 3481 484 3536 dea
507 3479 666 3540 Moi².Mr.
693 3481 748 3540 illa
771 3482 807 3540 ds
831 3499 869 3538 ea
886 3481 927 3537 P.
948 3479 1003 3535 nh
1022 3494 1065 3532 aa.
1082 3478 1121 3531 A„

74 3548 237 3603 bernhardi
251 3551 288 3604 A.
363 3557 399 3608 26
417 3552 576 3615 invenusta
598 3556 632 3618 Τ.
707 3563 746 3617 ‘ab
767 3560 799 3618 et
816 3572 883 3615 sese
901 3555 942 3611 P.
967 3566 1035 3606 sese
1059 3547 1098 3600 A.
