<?xml version="1.0" encoding="UTF-8"?>
<!DOCTYPE html PUBLIC "-//W3C//DTD XHTML 1.0 Transitional//EN"
    "http://www.w3.org/TR/xhtml1/DTD/xhtml1-transitional.dtd">
<html xmlns="http://www.w3.org/1999/xhtml" xml:lang="en" lang="en">
 <head>
  <title>
</title>
<meta http-equiv="Content-Type" content="text/html;charset=utf-8" />
  <meta name='ocr-system' content='tesseract 3.04.00' />
  <meta name='ocr-capabilities' content='ocr_page ocr_carea ocr_par ocr_line ocrx_word'/>
</head>
<body>
  <div class='ocr_page' id='page_1' title='image "./iulivalerialexa00valegoog_0078.png"; bbox 0 0 2414 3826; ppageno 0'>
   <div class='ocr_carea' id='block_1_1' title="bbox 418 182 1100 247">
    <p class='ocr_par' dir='ltr' id='par_1_1' title="bbox 418 182 1100 247">
     <span class='ocr_line' id='line_1_1' title="bbox 418 182 1100 247; baseline 0.01 -9"><span class='ocrx_word' id='word_1_1' title='bbox 418 182 534 239; x_wconf 84' lang='lat' dir='ltr'>ORTUS</span> <span class='ocrx_word' id='word_1_2' title='bbox 552 182 773 242; x_wconf 80' lang='lat' dir='ltr'><strong>ALEXANDRI.</strong></span> <span class='ocrx_word' id='word_1_3' title='bbox 1058 183 1100 247; x_wconf 83' lang='lat'><strong>41</strong></span> 
     </span>
    </p>
   </div>
   <div class='ocr_carea' id='block_1_2' title="bbox 87 347 1176 1855">
    <p class='ocr_par' dir='ltr' id='par_1_2' title="bbox 87 347 1171 1675">
     <span class='ocr_line' id='line_1_2' title="bbox 88 347 1107 433; baseline -0.008 -17"><span class='ocrx_word' id='word_1_4' title='bbox 88 371 164 416; x_wconf 91' lang='lat' dir='ltr'><strong>cum</strong></span> <span class='ocrx_word' id='word_1_5' title='bbox 184 348 292 414; x_wconf 87' lang='lat' dir='ltr'><strong>dicata</strong></span> <span class='ocrx_word' id='word_1_6' title='bbox 310 347 392 412; x_wconf 89' lang='lat' dir='ltr'><strong>mihi</strong></span> <span class='ocrx_word' id='word_1_7' title='bbox 412 348 526 412; x_wconf 87' lang='lat' dir='ltr'><strong>merito</strong></span> <span class='ocrx_word' id='word_1_8' title='bbox 546 369 674 433; x_wconf 87' lang='lat' dir='ltr'><strong>quoque</strong></span> <span class='ocrx_word' id='word_1_9' title='bbox 694 350 761 414; x_wconf 89' lang='lat' dir='ltr'><strong>sint</strong></span> <span class='ocrx_word' id='word_1_10' title='bbox 778 370 870 413; x_wconf 88' lang='lat' dir='ltr'><strong>meae</strong></span> <span class='ocrx_word' id='word_1_11' title='bbox 889 367 984 412; x_wconf 87' lang='lat' dir='ltr'><strong>areae</strong></span> <span class='ocrx_word' id='word_1_12' title='bbox 1002 349 1107 410; x_wconf 87' lang='lat' dir='ltr'><strong>trans·</strong></span> 
     </span>
     <span class='ocr_line' id='line_1_3' title="bbox 87 436 1108 522; baseline -0.007 -18"><span class='ocrx_word' id='word_1_13' title='bbox 87 441 197 520; x_wconf 82' lang='lat' dir='ltr'><strong>vecta,</strong></span> <span class='ocrx_word' id='word_1_14' title='bbox 226 437 304 522; x_wconf 88' lang='lat' dir='ltr'><strong>quid</strong></span> <span class='ocrx_word' id='word_1_15' title='bbox 332 436 529 501; x_wconf 81' lang='lat' dir='ltr'><strong>dubitationi</strong></span> <span class='ocrx_word' id='word_1_16' title='bbox 557 436 707 503; x_wconf 90' lang='lat' dir='ltr'><strong>relictum</strong></span> <span class='ocrx_word' id='word_1_17' title='bbox 736 441 820 519; x_wconf 87' lang='lat' dir='ltr'><strong>erat,</strong></span> <span class='ocrx_word' id='word_1_18' title='bbox 849 438 925 522; x_wconf 91' lang='lat' dir='ltr'><strong>quin</strong></span> <span class='ocrx_word' id='word_1_19' title='bbox 954 457 1027 500; x_wconf 92' lang='lat' dir='ltr'><strong>eum</strong></span> <span class='ocrx_word' id='word_1_20' title='bbox 1056 455 1108 498; x_wconf 86' lang='lat' dir='ltr'><strong>me</strong></span> 
     </span>
     <span class='ocr_line' id='line_1_4' title="bbox 89 525 1108 612; baseline -0.007 -19"><span class='ocrx_word' id='word_1_21' title='bbox 89 526 249 609; x_wconf 79' lang='lat' dir='ltr'>crederes,</span> <span class='ocrx_word' id='word_1_22' title='bbox 272 546 368 610; x_wconf 87' lang='lat' dir='ltr'><strong>quem</strong></span> <span class='ocrx_word' id='word_1_23' title='bbox 388 525 615 590; x_wconf 82' lang='lat' dir='ltr'><strong>auxiliatorem</strong></span> <span class='ocrx_word' id='word_1_24' title='bbox 638 527 700 592; x_wconf 89' lang='lat' dir='ltr'><strong>tibi</strong></span> <span class='ocrx_word' id='word_1_25' title='bbox 723 527 938 612; x_wconf 80' lang='lat' dir='ltr'><strong>religionibus</strong></span> <span class='ocrx_word' id='word_1_26' title='bbox 962 526 1108 606; x_wconf 89' lang='lat' dir='ltr'><strong>cooptas-</strong></span> 
     </span>
     <span class='ocr_line' id='line_1_5' title="bbox 90 613 1171 700; baseline -0.011 -17"><span class='ocrx_word' id='word_1_27' title='bbox 90 613 180 682; x_wconf 80' lang='lat' dir='ltr'><strong>ses‘l&#39;</strong></span> <span class='ocrx_word' id='word_1_28' title='bbox 204 614 256 679; x_wconf 85' lang='lat' dir='ltr'><strong>Ad</strong></span> <span class='ocrx_word' id='word_1_29' title='bbox 279 615 360 680; x_wconf 86' lang='lat' dir='ltr'><strong>haec</strong></span> <span class='ocrx_word' id='word_1_30' title='bbox 383 613 570 680; x_wconf 84' lang='lat' dir='ltr'><strong>Alexandro</strong></span> <span class='ocrx_word' id='word_1_31' title='bbox 593 615 632 679; x_wconf 89' lang='lat' dir='ltr'><strong>de</strong></span> <span class='ocrx_word' id='word_1_32' title='bbox 656 616 746 680; x_wconf 90' lang='lat' dir='ltr'><strong>urbis</strong></span> <span class='ocrx_word' id='word_1_33' title='bbox 770 615 988 700; x_wconf 74' lang='lat' dir='ltr'><strong>perpetuitate</strong></span> <span class='ocrx_word' id='word_1_34' title='bbox 1011 633 1107 696; x_wconf 91' lang='lat' dir='ltr'><strong>quae·</strong></span> <span class='ocrx_word' id='word_1_35' title='bbox 1126 619 1171 673; x_wconf 84' lang='lat'><strong>33.</strong></span> 
     </span>
     <span class='ocr_line' id='line_1_6' title="bbox 88 701 1132 789; baseline -0.008 -19"><span class='ocrx_word' id='word_1_36' title='bbox 88 704 187 789; x_wconf 90' lang='lat' dir='ltr'><strong>renti,</strong></span> <span class='ocrx_word' id='word_1_37' title='bbox 207 707 239 768; x_wconf 87' lang='lat' dir='ltr'><strong>et</strong></span> <span class='ocrx_word' id='word_1_38' title='bbox 259 724 301 768; x_wconf 86' lang='lat' dir='ltr'><strong>an</strong></span> <span class='ocrx_word' id='word_1_39' title='bbox 319 703 460 767; x_wconf 90' lang='lat' dir='ltr'><strong>nominis</strong></span> <span class='ocrx_word' id='word_1_40' title='bbox 480 704 531 767; x_wconf 89' lang='lat' dir='ltr'><strong>sui</strong></span> <span class='ocrx_word' id='word_1_41' title='bbox 549 703 723 770; x_wconf 77' lang='lat' dir='ltr'><strong>inhaesuro</strong></span> <span class='ocrx_word' id='word_1_42' title='bbox 742 704 917 789; x_wconf 87' lang='lat' dir='ltr'><strong>appellatio</strong></span> <span class='ocrx_word' id='word_1_43' title='bbox 934 701 1132 783; x_wconf 82' lang='lat' dir='ltr'><strong>rideretur,s</strong></span> 
     </span>
     <span class='ocr_line' id='line_1_7' title="bbox 92 789 1109 877; baseline -0.006 -18"><span class='ocrx_word' id='word_1_44' title='bbox 92 794 183 859; x_wconf 86' lang='lat' dir='ltr'><strong>visus</strong></span> <span class='ocrx_word' id='word_1_45' title='bbox 213 796 263 858; x_wconf 88' lang='lat' dir='ltr'><strong>est</strong></span> <span class='ocrx_word' id='word_1_46' title='bbox 290 791 368 856; x_wconf 88' lang='lat' dir='ltr'><strong>deus</strong></span> <span class='ocrx_word' id='word_1_47' title='bbox 397 813 494 856; x_wconf 90' lang='lat' dir='ltr'><strong>manu</strong></span> <span class='ocrx_word' id='word_1_48' title='bbox 509 813 592 858; x_wconf 80' lang='lat' dir='ltr'><strong>sese</strong></span> <span class='ocrx_word' id='word_1_49' title='bbox 621 794 870 877; x_wconf 86' lang='lat' dir='ltr'><strong>adprehendisse</strong></span> <span class='ocrx_word' id='word_1_50' title='bbox 901 791 1037 875; x_wconf 87' lang='lat' dir='ltr'><strong>exinque</strong></span> <span class='ocrx_word' id='word_1_51' title='bbox 1069 789 1109 854; x_wconf 89' lang='lat' dir='ltr'><strong>ad</strong></span> 
     </span>
     <span class='ocr_line' id='line_1_8' title="bbox 91 879 1110 964; baseline -0.006 -17"><span class='ocrx_word' id='word_1_52' title='bbox 91 882 219 948; x_wconf 91' lang='lat' dir='ltr'><strong>editum</strong></span> <span class='ocrx_word' id='word_1_53' title='bbox 239 880 425 964; x_wconf 88' lang='lat' dir='ltr'><strong>celsumque</strong></span> <span class='ocrx_word' id='word_1_54' title='bbox 450 881 623 946; x_wconf 89' lang='lat' dir='ltr'><strong>admodum</strong></span> <span class='ocrx_word' id='word_1_55' title='bbox 647 886 793 946; x_wconf 86' lang='lat' dir='ltr'><strong>montem</strong></span> <span class='ocrx_word' id='word_1_56' title='bbox 815 904 882 946; x_wconf 90' lang='lat' dir='ltr'><strong>una</strong></span> <span class='ocrx_word' id='word_1_57' title='bbox 900 879 1040 963; x_wconf 83' lang='lat' dir='ltr'><strong>duxisse,</strong></span> <span class='ocrx_word' id='word_1_58' title='bbox 1063 882 1110 941; x_wconf 77' lang='lat' dir='ltr'><strong>at</strong></span> 
     </span>
     <span class='ocr_line' id='line_1_9' title="bbox 94 966 1163 1056; baseline -0.007 -20"><span class='ocrx_word' id='word_1_59' title='bbox 94 993 158 1056; x_wconf 86' lang='lat' dir='ltr'><strong>que</strong></span> <span class='ocrx_word' id='word_1_60' title='bbox 176 969 296 1034; x_wconf 90' lang='lat' dir='ltr'><strong>ibidem</strong></span> <span class='ocrx_word' id='word_1_61' title='bbox 316 969 509 1034; x_wconf 82' lang='lat' dir='ltr'><strong>consistenti</strong></span> <span class='ocrx_word' id='word_1_62' title='bbox 533 967 705 1053; x_wconf 72' lang='lat' dir='ltr'><strong>‘Potean&#39;</strong></span> <span class='ocrx_word' id='word_1_63' title='bbox 730 971 785 1052; x_wconf 88' lang='lat' dir='ltr'><strong>ait,</strong></span> <span class='ocrx_word' id='word_1_64' title='bbox 808 969 840 1034; x_wconf 63' lang='grc' dir='ltr'>ὀ</span> <span class='ocrx_word' id='word_1_65' title='bbox 862 973 899 1034; x_wconf 90' lang='lat' dir='ltr'><strong>tu</strong></span> <span class='ocrx_word' id='word_1_66' title='bbox 922 966 1110 1051; x_wconf 82' lang='lat' dir='ltr'><strong>fortissime,</strong></span> <span class='ocrx_word' id='word_1_67' title='bbox 1160 997 1163 1001; x_wconf 51' lang='grc'><strong><em>»</em></strong></span> 
     </span>
     <span class='ocr_line' id='line_1_10' title="bbox 92 1053 1110 1138; baseline -0.008 -13"><span class='ocrx_word' id='word_1_68' title='bbox 92 1059 214 1125; x_wconf 87' lang='lat' dir='ltr'><strong>molem</strong></span> <span class='ocrx_word' id='word_1_69' title='bbox 241 1058 326 1123; x_wconf 89' lang='lat' dir='ltr'><strong>hanc</strong></span> <span class='ocrx_word' id='word_1_70' title='bbox 354 1057 477 1124; x_wconf 90' lang='lat' dir='ltr'><strong>montis</strong></span> <span class='ocrx_word' id='word_1_71' title='bbox 506 1058 540 1122; x_wconf 89' lang='lat' dir='ltr'><strong>in</strong></span> <span class='ocrx_word' id='word_1_72' title='bbox 569 1058 695 1123; x_wconf 87' lang='lat' dir='ltr'><strong>diversa</strong></span> <span class='ocrx_word' id='word_1_73' title='bbox 718 1055 965 1123; x_wconf 79' lang='lat' dir='ltr'><strong>transducere?&#39;</strong></span> <span class='ocrx_word' id='word_1_74' title='bbox 1011 1053 1110 1138; x_wconf 81' lang='lat' dir='ltr'><strong>Negi-</strong></span> 
     </span>
     <span class='ocr_line' id='line_1_11' title="bbox 91 1143 1151 1232; baseline -0.008 -20"><span class='ocrx_word' id='word_1_75' title='bbox 91 1150 187 1214; x_wconf 87' lang='lat' dir='ltr'><strong>tante</strong></span> <span class='ocrx_word' id='word_1_76' title='bbox 210 1145 396 1212; x_wconf 80' lang='lat' dir='ltr'><strong>Alexandro</strong></span> <span class='ocrx_word' id='word_1_77' title='bbox 422 1146 597 1212; x_wconf 88' lang='lat' dir='ltr'><strong>addidisse:</strong></span> <span class='ocrx_word' id='word_1_78' title='bbox 626 1147 731 1213; x_wconf 78' lang='lat' dir='ltr'><strong>‘Haec</strong></span> <span class='ocrx_word' id='word_1_79' title='bbox 755 1169 832 1232; x_wconf 86' lang='lat' dir='ltr'><strong>ergo</strong></span> <span class='ocrx_word' id='word_1_80' title='bbox 857 1143 1036 1211; x_wconf 90' lang='lat' dir='ltr'><strong>similitudo</strong></span> <span class='ocrx_word' id='word_1_81' title='bbox 1060 1146 1111 1208; x_wconf 91' lang='lat' dir='ltr'><strong>est</strong></span> <span class='ocrx_word' id='word_1_82' title='bbox 1125 1165 1151 1204; x_wconf 85' lang='lat' dir='ltr'><strong>ro</strong></span> 
     </span>
     <span class='ocr_line' id='line_1_12' title="bbox 95 1233 1110 1321; baseline -0.007 -19"><span class='ocrx_word' id='word_1_83' title='bbox 95 1237 165 1302; x_wconf 86' lang='lat' dir='ltr'><strong>eius</strong></span> <span class='ocrx_word' id='word_1_84' title='bbox 190 1236 314 1302; x_wconf 87' lang='lat' dir='ltr'><strong>scilicet</strong></span> <span class='ocrx_word' id='word_1_85' title='bbox 338 1235 555 1317; x_wconf 86' lang='lat' dir='ltr'><strong>difficultatis,</strong></span> <span class='ocrx_word' id='word_1_86' title='bbox 582 1259 679 1321; x_wconf 89' lang='lat' dir='ltr'><strong>quam</strong></span> <span class='ocrx_word' id='word_1_87' title='bbox 703 1237 742 1301; x_wconf 89' lang='lat' dir='ltr'><strong>de</strong></span> <span class='ocrx_word' id='word_1_88' title='bbox 771 1236 819 1301; x_wconf 94' lang='lat' dir='ltr'><strong>tui</strong></span> <span class='ocrx_word' id='word_1_89' title='bbox 842 1233 984 1300; x_wconf 87' lang='lat' dir='ltr'><strong>nominis</strong></span> <span class='ocrx_word' id='word_1_90' title='bbox 1007 1236 1110 1296; x_wconf 87' lang='lat' dir='ltr'><strong>muta·</strong></span> 
     </span>
     <span class='ocr_line' id='line_1_13' title="bbox 93 1321 1112 1410; baseline -0.007 -19"><span class='ocrx_word' id='word_1_91' title='bbox 93 1327 185 1391; x_wconf 88' lang='lat' dir='ltr'><strong>tione</strong></span> <span class='ocrx_word' id='word_1_92' title='bbox 214 1324 383 1410; x_wconf 87' lang='lat' dir='ltr'><strong>quaesisti.</strong></span> <span class='ocrx_word' id='word_1_93' title='bbox 434 1323 481 1389; x_wconf 92' lang='lat' dir='ltr'><strong>Ut</strong></span> <span class='ocrx_word' id='word_1_94' title='bbox 508 1325 595 1389; x_wconf 86' lang='lat' dir='ltr'><strong>enim</strong></span> <span class='ocrx_word' id='word_1_95' title='bbox 623 1330 759 1391; x_wconf 89' lang='lat' dir='ltr'><strong>naturae</strong></span> <span class='ocrx_word' id='word_1_96' title='bbox 786 1325 912 1391; x_wconf 85' lang='lat' dir='ltr'><strong>viribus</strong></span> <span class='ocrx_word' id='word_1_97' title='bbox 943 1343 1016 1407; x_wconf 91' lang='lat' dir='ltr'><strong>spes</strong></span> <span class='ocrx_word' id='word_1_98' title='bbox 1047 1321 1112 1385; x_wconf 86' lang='lat' dir='ltr'><strong>ista</strong></span> 
     </span>
     <span class='ocr_line' id='line_1_14' title="bbox 95 1409 1112 1498; baseline -0.003 -19"><span class='ocrx_word' id='word_1_99' title='bbox 95 1414 259 1497; x_wconf 88' lang='lat' dir='ltr'><strong>deficitur,</strong></span> <span class='ocrx_word' id='word_1_100' title='bbox 289 1412 375 1498; x_wconf 90' lang='lat' dir='ltr'><strong>quod</strong></span> <span class='ocrx_word' id='word_1_101' title='bbox 406 1434 499 1477; x_wconf 86' lang='lat' dir='ltr'><strong>mons</strong></span> <span class='ocrx_word' id='word_1_102' title='bbox 529 1416 641 1480; x_wconf 89' lang='lat' dir='ltr'><strong>tantus</strong></span> <span class='ocrx_word' id='word_1_103' title='bbox 671 1416 743 1480; x_wconf 92' lang='lat' dir='ltr'><strong>loco</strong></span> <span class='ocrx_word' id='word_1_104' title='bbox 772 1413 893 1480; x_wconf 88' lang='lat' dir='ltr'><strong>mutari</strong></span> <span class='ocrx_word' id='word_1_105' title='bbox 922 1414 1035 1498; x_wconf 84' lang='lat' dir='ltr'><strong>queat,</strong></span> <span class='ocrx_word' id='word_1_106' title='bbox 1064 1409 1112 1476; x_wconf 90' lang='lat' dir='ltr'><strong>ita</strong></span> 
     </span>
     <span class='ocr_line' id='line_1_15' title="bbox 94 1501 1112 1589; baseline -0.005 -20"><span class='ocrx_word' id='word_1_107' title='bbox 94 1503 317 1589; x_wconf 86' lang='lat' dir='ltr'><strong>possibilitate</strong></span> <span class='ocrx_word' id='word_1_108' title='bbox 336 1524 388 1566; x_wconf 90' lang='lat' dir='ltr'><strong>res</strong></span> <span class='ocrx_word' id='word_1_109' title='bbox 409 1505 507 1586; x_wconf 83' lang='lat' dir='ltr'><strong>caret,</strong></span> <span class='ocrx_word' id='word_1_110' title='bbox 526 1502 679 1567; x_wconf 90' lang='lat' dir='ltr'><strong>inolitum</strong></span> <span class='ocrx_word' id='word_1_111' title='bbox 698 1526 817 1569; x_wconf 87' lang='lat' dir='ltr'><strong>nomen</strong></span> <span class='ocrx_word' id='word_1_112' title='bbox 831 1507 924 1569; x_wconf 91' lang='lat' dir='ltr'><strong>tuum</strong></span> <span class='ocrx_word' id='word_1_113' title='bbox 939 1501 1012 1567; x_wconf 91' lang='lat' dir='ltr'><strong>urbi</strong></span> <span class='ocrx_word' id='word_1_114' title='bbox 1026 1521 1112 1565; x_wconf 89' lang='lat' dir='ltr'><strong>nuno</strong></span> 
     </span>
     <span class='ocr_line' id='line_1_16' title="bbox 95 1591 1152 1675; baseline -0.011 -17"><span class='ocrx_word' id='word_1_115' title='bbox 95 1592 246 1658; x_wconf 85' lang='lat' dir='ltr'><strong>conditae</strong></span> <span class='ocrx_word' id='word_1_116' title='bbox 261 1591 349 1655; x_wconf 46' lang='lat' dir='ltr'><strong>&#39;olim</strong></span> <span class='ocrx_word' id='word_1_117' title='bbox 371 1611 470 1675; x_wconf 85' lang='lat' dir='ltr'><strong>posse</strong></span> <span class='ocrx_word' id='word_1_118' title='bbox 493 1591 633 1658; x_wconf 70' lang='lat' dir='ltr'><strong>mutari?</strong></span> <span class='ocrx_word' id='word_1_119' title='bbox 1126 1606 1152 1647; x_wconf 82' lang='lat' dir='ltr'><strong>rs</strong></span> 
     </span>
    </p>

    <p class='ocr_par' dir='ltr' id='par_1_3' title="bbox 97 1677 1176 1855">
     <span class='ocr_line' id='line_1_17' title="bbox 185 1677 1176 1763; baseline -0.009 -19"><span class='ocrx_word' id='word_1_120' title='bbox 185 1680 238 1744; x_wconf 93' lang='lat' dir='ltr'><strong>Ibi</strong></span> <span class='ocrx_word' id='word_1_121' title='bbox 258 1679 363 1744; x_wconf 88' lang='lat' dir='ltr'><strong>adhuc</strong></span> <span class='ocrx_word' id='word_1_122' title='bbox 382 1682 513 1762; x_wconf 89' lang='lat' dir='ltr'><strong>petente</strong></span> <span class='ocrx_word' id='word_1_123' title='bbox 531 1679 728 1763; x_wconf 83' lang='lat' dir='ltr'><strong>Alexandro,</strong></span> <span class='ocrx_word' id='word_1_124' title='bbox 748 1684 785 1745; x_wconf 89' lang='lat' dir='ltr'><strong>ut</strong></span> <span class='ocrx_word' id='word_1_125' title='bbox 805 1680 867 1745; x_wconf 88' lang='lat' dir='ltr'><strong>sibi</strong></span> <span class='ocrx_word' id='word_1_126' title='bbox 885 1680 924 1745; x_wconf 90' lang='lat' dir='ltr'><strong>de</strong></span> <span class='ocrx_word' id='word_1_127' title='bbox 943 1679 1007 1743; x_wconf 87' lang='lat' dir='ltr'><strong>fine</strong></span> <span class='ocrx_word' id='word_1_128' title='bbox 1026 1677 1112 1742; x_wconf 88' lang='lat' dir='ltr'><strong>vitae</strong></span> <span class='ocrx_word' id='word_1_129' title='bbox 1131 1684 1176 1736; x_wconf 80' lang='grc'><strong>34.</strong></span> 
     </span>
     <span class='ocr_line' id='line_1_18' title="bbox 97 1768 979 1855; baseline -0.003 -21"><span class='ocrx_word' id='word_1_130' title='bbox 97 1769 176 1834; x_wconf 86' lang='lat' dir='ltr'><strong>deus</strong></span> <span class='ocrx_word' id='word_1_131' title='bbox 200 1768 324 1853; x_wconf 87' lang='lat' dir='ltr'><strong>aliquid</strong></span> <span class='ocrx_word' id='word_1_132' title='bbox 347 1770 517 1854; x_wconf 84' lang='lat' dir='ltr'><strong>fateretur,</strong></span> <span class='ocrx_word' id='word_1_133' title='bbox 540 1770 575 1833; x_wconf 93' lang='lat' dir='ltr'><strong>in</strong></span> <span class='ocrx_word' id='word_1_134' title='bbox 597 1770 678 1835; x_wconf 87' lang='lat' dir='ltr'><strong>haec</strong></span> <span class='ocrx_word' id='word_1_135' title='bbox 701 1791 893 1855; x_wconf 88' lang='lat' dir='ltr'><strong>responsum</strong></span> <span class='ocrx_word' id='word_1_136' title='bbox 917 1772 979 1832; x_wconf 87' lang='lat' dir='ltr'><strong>est:</strong></span> 
     </span>
    </p>
   </div>
   <div class='ocr_carea' id='block_1_3' title="bbox 258 1887 1157 2808">
    <p class='ocr_par' dir='ltr' id='par_1_4' title="bbox 258 1887 962 1945">
     <span class='ocr_line' id='line_1_19' title="bbox 258 1887 962 1945; baseline -0.004 -2"><span class='ocrx_word' id='word_1_137' title='bbox 258 1889 330 1944; x_wconf 88' lang='lat' dir='ltr'><strong>Prae</strong></span> <span class='ocrx_word' id='word_1_138' title='bbox 350 1892 451 1945; x_wconf 87' lang='lat' dir='ltr'><strong>cuncta</strong></span> <span class='ocrx_word' id='word_1_139' title='bbox 470 1889 546 1945; x_wconf 87' lang='lat' dir='ltr'><strong>vitae</strong></span> <span class='ocrx_word' id='word_1_140' title='bbox 566 1891 714 1945; x_wconf 89' lang='lat' dir='ltr'><strong>commoda</strong></span> <span class='ocrx_word' id='word_1_141' title='bbox 732 1890 776 1944; x_wconf 87' lang='lat' dir='ltr'><strong>est</strong></span> <span class='ocrx_word' id='word_1_142' title='bbox 794 1887 962 1944; x_wconf 85' lang='lat' dir='ltr'><strong>mortalibus</strong></span> 
     </span>
    </p>

    <p class='ocr_par' dir='ltr' id='par_1_5' title="bbox 258 1960 626 2017">
     <span class='ocr_line' id='line_1_20' title="bbox 258 1960 626 2017; baseline 0.003 -3"><span class='ocrx_word' id='word_1_143' title='bbox 258 1961 299 2014; x_wconf 92' lang='lat' dir='ltr'><strong>De</strong></span> <span class='ocrx_word' id='word_1_144' title='bbox 318 1960 373 2014; x_wconf 91' lang='lat' dir='ltr'><strong>fine</strong></span> <span class='ocrx_word' id='word_1_145' title='bbox 380 2003 494 2017; x_wconf 80' lang='grc'><strong>.......</strong></span> <span class='ocrx_word' id='word_1_146' title='bbox 500 1961 626 2015; x_wconf 87' lang='lat' dir='ltr'><strong>nescium</strong></span> 
     </span>
    </p>

    <p class='ocr_par' dir='ltr' id='par_1_6' title="bbox 259 2028 1154 2172">
     <span class='ocr_line' id='line_1_21' title="bbox 260 2028 1154 2099; baseline -0.006 -15"><span class='ocrx_word' id='word_1_147' title='bbox 260 2029 422 2099; x_wconf 82' lang='lat' dir='ltr'><strong>Quibusque</strong></span> <span class='ocrx_word' id='word_1_148' title='bbox 441 2030 524 2086; x_wconf 90' lang='lat' dir='ltr'><strong>metis</strong></span> <span class='ocrx_word' id='word_1_149' title='bbox 542 2031 603 2085; x_wconf 82' lang='lat' dir='ltr'><strong>fata</strong></span> <span class='ocrx_word' id='word_1_150' title='bbox 621 2031 789 2085; x_wconf 84' lang='lat' dir='ltr'><strong>claudantur</strong></span> <span class='ocrx_word' id='word_1_151' title='bbox 807 2028 858 2082; x_wconf 87' lang='lat' dir='ltr'><strong>sui.</strong></span> <span class='ocrx_word' id='word_1_152' title='bbox 1128 2041 1154 2080; x_wconf 85' lang='lat' dir='ltr'><strong>ao</strong></span> 
     </span>
     <span class='ocr_line' id='line_1_22' title="bbox 259 2097 942 2172; baseline -0.004 -17"><span class='ocrx_word' id='word_1_153' title='bbox 259 2101 338 2156; x_wconf 87' lang='lat' dir='ltr'><strong>Mens</strong></span> <span class='ocrx_word' id='word_1_154' title='bbox 357 2102 463 2172; x_wconf 90' lang='lat' dir='ltr'><strong>quippe</strong></span> <span class='ocrx_word' id='word_1_155' title='bbox 481 2102 601 2158; x_wconf 86' lang='lat' dir='ltr'><strong>homulli</strong></span> <span class='ocrx_word' id='word_1_156' title='bbox 618 2119 675 2156; x_wconf 91' lang='lat' dir='ltr'><strong>non</strong></span> <span class='ocrx_word' id='word_1_157' title='bbox 693 2101 772 2155; x_wconf 91' lang='lat' dir='ltr'><strong>videt</strong></span> <span class='ocrx_word' id='word_1_158' title='bbox 789 2097 942 2166; x_wconf 89' lang='lat' dir='ltr'><strong>variantia,</strong></span> 
     </span>
    </p>

    <p class='ocr_par' dir='ltr' id='par_1_7' title="bbox 261 2171 964 2242">
     <span class='ocr_line' id='line_1_23' title="bbox 261 2171 964 2242; baseline -0.003 -16"><span class='ocrx_word' id='word_1_159' title='bbox 261 2173 341 2239; x_wconf 79' lang='lat' dir='ltr'><strong>Quod</strong></span> <span class='ocrx_word' id='word_1_160' title='bbox 359 2174 430 2228; x_wconf 90' lang='lat' dir='ltr'><strong>haec</strong></span> <span class='ocrx_word' id='word_1_161' title='bbox 448 2173 584 2227; x_wconf 85' lang='lat' dir='ltr'><strong>reformat</strong></span> <span class='ocrx_word' id='word_1_162' title='bbox 601 2187 702 2242; x_wconf 88' lang='lat' dir='ltr'><strong>perpes</strong></span> <span class='ocrx_word' id='word_1_163' title='bbox 721 2171 784 2226; x_wconf 87' lang='lat' dir='ltr'><strong>aevi</strong></span> <span class='ocrx_word' id='word_1_164' title='bbox 804 2171 964 2225; x_wconf 82' lang='lat' dir='ltr'><strong>aeternitas.</strong></span> 
     </span>
    </p>

    <p class='ocr_par' dir='ltr' id='par_1_8' title="bbox 259 2242 798 2310">
     <span class='ocr_line' id='line_1_24' title="bbox 259 2242 798 2310; baseline -0.002 -12"><span class='ocrx_word' id='word_1_165' title='bbox 259 2244 333 2298; x_wconf 87' lang='lat' dir='ltr'><strong>Nam</strong></span> <span class='ocrx_word' id='word_1_166' title='bbox 351 2244 375 2298; x_wconf 85' lang='lat' dir='ltr'><strong>si</strong></span> <span class='ocrx_word' id='word_1_167' title='bbox 394 2244 516 2300; x_wconf 86' lang='lat' dir='ltr'><strong>facessat</strong></span> <span class='ocrx_word' id='word_1_168' title='bbox 533 2259 648 2298; x_wconf 85' lang='lat' dir='ltr'><strong>casuum</strong></span> <span class='ocrx_word' id='word_1_169' title='bbox 668 2242 798 2310; x_wconf 85' lang='lat' dir='ltr'><strong>scientia,</strong></span> 
     </span>
    </p>

    <p class='ocr_par' dir='ltr' id='par_1_9' title="bbox 260 2314 819 2385">
     <span class='ocr_line' id='line_1_25' title="bbox 260 2314 819 2385; baseline 0 -16"><span class='ocrx_word' id='word_1_170' title='bbox 260 2315 350 2370; x_wconf 86' lang='lat' dir='ltr'><strong>Laeta</strong></span> <span class='ocrx_word' id='word_1_171' title='bbox 369 2318 412 2369; x_wconf 89' lang='lat' dir='ltr'><strong>est</strong></span> <span class='ocrx_word' id='word_1_172' title='bbox 429 2315 539 2370; x_wconf 87' lang='lat' dir='ltr'><strong>timoris</strong></span> <span class='ocrx_word' id='word_1_173' title='bbox 559 2315 650 2371; x_wconf 89' lang='lat' dir='ltr'><strong>omnis</strong></span> <span class='ocrx_word' id='word_1_174' title='bbox 669 2314 819 2385; x_wconf 86' lang='lat' dir='ltr'><strong>ignoratio.</strong></span> 
     </span>
    </p>

    <p class='ocr_par' dir='ltr' id='par_1_10' title="bbox 261 2385 889 2457">
     <span class='ocr_line' id='line_1_26' title="bbox 261 2385 889 2457; baseline -0.002 -17"><span class='ocrx_word' id='word_1_175' title='bbox 261 2385 352 2451; x_wconf 82' lang='lat' dir='ltr'><strong>Quare</strong></span> <span class='ocrx_word' id='word_1_176' title='bbox 371 2385 400 2440; x_wconf 94' lang='lat' dir='ltr'><strong>id</strong></span> <span class='ocrx_word' id='word_1_177' title='bbox 419 2388 519 2457; x_wconf 88' lang='lat' dir='ltr'><strong>putato</strong></span> <span class='ocrx_word' id='word_1_178' title='bbox 538 2387 599 2441; x_wconf 87' lang='lat' dir='ltr'><strong>tute</strong></span> <span class='ocrx_word' id='word_1_179' title='bbox 619 2385 889 2455; x_wconf 85' lang='lat' dir='ltr'><strong>commodissimum,</strong></span> 
     </span>
    </p>

    <p class='ocr_par' dir='ltr' id='par_1_11' title="bbox 262 2456 828 2525">
     <span class='ocr_line' id='line_1_27' title="bbox 262 2456 828 2525; baseline 0.004 -15"><span class='ocrx_word' id='word_1_180' title='bbox 262 2456 292 2511; x_wconf 84' lang='lat' dir='ltr'><strong>si</strong></span> <span class='ocrx_word' id='word_1_181' title='bbox 311 2473 374 2525; x_wconf 89' lang='lat' dir='ltr'><strong>spes</strong></span> <span class='ocrx_word' id='word_1_182' title='bbox 393 2458 482 2512; x_wconf 87' lang='lat' dir='ltr'><strong>futuri</strong></span> <span class='ocrx_word' id='word_1_183' title='bbox 500 2457 578 2513; x_wconf 92' lang='lat' dir='ltr'><strong>nullo</strong></span> <span class='ocrx_word' id='word_1_184' title='bbox 597 2458 726 2513; x_wconf 87' lang='lat' dir='ltr'><strong>foedetur</strong></span> <span class='ocrx_word' id='word_1_185' title='bbox 743 2458 828 2512; x_wconf 91' lang='lat' dir='ltr'><strong>metu.</strong></span> 
     </span>
    </p>

    <p class='ocr_par' dir='ltr' id='par_1_12' title="bbox 260 2525 1000 2598">
     <span class='ocr_line' id='line_1_28' title="bbox 260 2525 1000 2598; baseline -0.004 -17"><span class='ocrx_word' id='word_1_186' title='bbox 260 2528 336 2598; x_wconf 80' lang='lat' dir='ltr'><strong>Ergo</strong></span> <span class='ocrx_word' id='word_1_187' title='bbox 355 2529 447 2596; x_wconf 86' lang='lat' dir='ltr'><strong>hisce,</strong></span> <span class='ocrx_word' id='word_1_188' title='bbox 466 2545 538 2596; x_wconf 89' lang='lat' dir='ltr'><strong>quae</strong></span> <span class='ocrx_word' id='word_1_189' title='bbox 557 2529 612 2597; x_wconf 82' lang='lat' dir='ltr'><strong>fas,</strong></span> <span class='ocrx_word' id='word_1_190' title='bbox 632 2531 781 2595; x_wconf 88' lang='lat' dir='ltr'><strong>instruere,</strong></span> <span class='ocrx_word' id='word_1_191' title='bbox 800 2529 833 2581; x_wconf 90' lang='lat' dir='ltr'><strong>ut</strong></span> <span class='ocrx_word' id='word_1_192' title='bbox 851 2525 1000 2596; x_wconf 85' lang='lat' dir='ltr'><strong>praescias.</strong></span> 
     </span>
    </p>

    <p class='ocr_par' dir='ltr' id='par_1_13' title="bbox 262 2598 865 2669">
     <span class='ocr_line' id='line_1_29' title="bbox 262 2598 865 2669; baseline 0.002 -17"><span class='ocrx_word' id='word_1_193' title='bbox 262 2599 305 2653; x_wconf 87' lang='lat' dir='ltr'><strong>Tu</strong></span> <span class='ocrx_word' id='word_1_194' title='bbox 323 2615 390 2652; x_wconf 90' lang='lat' dir='ltr'><strong>nam</strong></span> <span class='ocrx_word' id='word_1_195' title='bbox 408 2601 519 2655; x_wconf 87' lang='lat' dir='ltr'><strong>levatus</strong></span> <span class='ocrx_word' id='word_1_196' title='bbox 537 2603 636 2654; x_wconf 88' lang='lat' dir='ltr'><strong>nostra</strong></span> <span class='ocrx_word' id='word_1_197' title='bbox 654 2598 865 2669; x_wconf 85' lang='lat' dir='ltr'><strong>praepotentia,</strong></span> 
     </span>
    </p>

    <p class='ocr_par' dir='ltr' id='par_1_14' title="bbox 263 2669 957 2740">
     <span class='ocr_line' id='line_1_30' title="bbox 263 2669 957 2740; baseline -0.004 -17"><span class='ocrx_word' id='word_1_198' title='bbox 263 2669 459 2739; x_wconf 81' lang='lat' dir='ltr'><strong>Quaecumque</strong></span> <span class='ocrx_word' id='word_1_199' title='bbox 478 2686 547 2740; x_wconf 84' lang='lat' dir='ltr'><strong>gens</strong></span> <span class='ocrx_word' id='word_1_200' title='bbox 567 2671 604 2725; x_wconf 86' lang='lat' dir='ltr'><strong>sit</strong></span> <span class='ocrx_word' id='word_1_201' title='bbox 623 2670 718 2738; x_wconf 89' lang='lat' dir='ltr'><strong>obvia,</strong></span> <span class='ocrx_word' id='word_1_202' title='bbox 738 2671 845 2723; x_wconf 85' lang='lat' dir='ltr'><strong>sternes</strong></span> <span class='ocrx_word' id='word_1_203' title='bbox 865 2683 957 2721; x_wconf 88' lang='lat' dir='ltr'><strong>manu.</strong></span> 
     </span>
    </p>

    <p class='ocr_par' dir='ltr' id='par_1_15' title="bbox 263 2738 1157 2808">
     <span class='ocr_line' id='line_1_31' title="bbox 263 2738 1157 2808; baseline -0.003 -14"><span class='ocrx_word' id='word_1_204' title='bbox 263 2741 395 2808; x_wconf 88' lang='lat' dir='ltr'><strong>Tuncque</strong></span> <span class='ocrx_word' id='word_1_205' title='bbox 413 2742 484 2796; x_wconf 87' lang='lat' dir='ltr'><strong>haec</strong></span> <span class='ocrx_word' id='word_1_206' title='bbox 501 2741 606 2798; x_wconf 86' lang='lat' dir='ltr'><strong>revises</strong></span> <span class='ocrx_word' id='word_1_207' title='bbox 625 2741 733 2808; x_wconf 88' lang='lat' dir='ltr'><strong>animo,</strong></span> <span class='ocrx_word' id='word_1_208' title='bbox 752 2738 825 2793; x_wconf 92' lang='lat' dir='ltr'><strong>liber</strong></span> <span class='ocrx_word' id='word_1_209' title='bbox 844 2739 968 2793; x_wconf 87' lang='lat' dir='ltr'><strong>artubus.</strong></span> <span class='ocrx_word' id='word_1_210' title='bbox 1131 2752 1157 2792; x_wconf 85' lang='lat' dir='ltr'><strong>so</strong></span> 
     </span>
    </p>
   </div>
   <div class='ocr_carea' id='block_1_4' title="bbox 103 2914 1172 3486">
    <p class='ocr_par' dir='ltr' id='par_1_16' title="bbox 103 2914 1172 3486">
     <span class='ocr_line' id='line_1_32' title="bbox 194 2914 1117 2973; baseline -0.005 -1"><span class='ocrx_word' id='word_1_211' title='bbox 194 2923 207 2972; x_wconf 92' lang='lat'>1</span> <span class='ocrx_word' id='word_1_212' title='bbox 237 2918 332 2973; x_wconf 87' lang='lat' dir='ltr'><strong>dicata</strong></span> <span class='ocrx_word' id='word_1_213' title='bbox 358 2920 393 2972; x_wconf 93' lang='lat' dir='ltr'><strong>A.</strong></span> <span class='ocrx_word' id='word_1_214' title='bbox 432 2917 509 2972; x_wconf 84' lang='lat' dir='ltr'><strong>dicta</strong></span> <span class='ocrx_word' id='word_1_215' title='bbox 537 2924 564 2972; x_wconf 72' lang='grc' dir='ltr'><strong>Τ.</strong></span> <span class='ocrx_word' id='word_1_216' title='bbox 629 2933 710 2972; x_wconf 89' lang='lat' dir='ltr'><strong>meae</strong></span> <span class='ocrx_word' id='word_1_217' title='bbox 738 2930 820 2971; x_wconf 86' lang='lat' dir='ltr'><strong>areae</strong></span> <span class='ocrx_word' id='word_1_218' title='bbox 848 2920 875 2968; x_wconf 74' lang='grc' dir='ltr'><strong>Τ.</strong></span> <span class='ocrx_word' id='word_1_219' title='bbox 898 2917 977 2968; x_wconf 81' lang='lat' dir='ltr'><strong>&#39;mea</strong></span> <span class='ocrx_word' id='word_1_220' title='bbox 1005 2928 1055 2968; x_wconf 89' lang='lat' dir='ltr'><strong>ara</strong></span> <span class='ocrx_word' id='word_1_221' title='bbox 1081 2914 1117 2967; x_wconf 92' lang='lat' dir='ltr'><strong>A.</strong></span> 
     </span>
     <span class='ocr_line' id='line_1_33' title="bbox 104 2983 1118 3059; baseline -0.005 -15"><span class='ocrx_word' id='word_1_222' title='bbox 104 2987 303 3045; x_wconf 73' lang='lat' dir='ltr'><strong>tcoobtaases</strong></span> <span class='ocrx_word' id='word_1_223' title='bbox 322 2995 349 3044; x_wconf 73' lang='grc' dir='ltr'><strong>Τ.</strong></span> <span class='ocrx_word' id='word_1_224' title='bbox 375 2990 518 3059; x_wconf 81' lang='lat' dir='ltr'><strong>reptasses</strong></span> <span class='ocrx_word' id='word_1_225' title='bbox 536 2990 573 3042; x_wconf 94' lang='lat' dir='ltr'><strong>A.</strong></span> <span class='ocrx_word' id='word_1_226' title='bbox 626 2988 739 3042; x_wconf 72' lang='lat' dir='ltr'><strong>turbis</strong></span> <span class='ocrx_word' id='word_1_227' title='bbox 758 2993 785 3042; x_wconf 74' lang='grc' dir='ltr'><strong>Τ,</strong></span> <span class='ocrx_word' id='word_1_228' title='bbox 810 2985 885 3041; x_wconf 91' lang='lat' dir='ltr'><strong>orbis</strong></span> <span class='ocrx_word' id='word_1_229' title='bbox 903 2987 939 3041; x_wconf 91' lang='lat' dir='ltr'><strong>A.</strong></span> <span class='ocrx_word' id='word_1_230' title='bbox 991 2989 1064 3038; x_wconf 78' lang='lat' dir='ltr'><strong>tan</strong></span> <span class='ocrx_word' id='word_1_231' title='bbox 1081 2983 1118 3039; x_wconf 75' lang='lat' dir='ltr'><strong>A.</strong></span> 
     </span>
     <span class='ocr_line' id='line_1_34' title="bbox 103 3055 1172 3120; baseline -0.007 -4"><span class='ocrx_word' id='word_1_232' title='bbox 103 3060 140 3116; x_wconf 83' lang='lat' dir='ltr'><strong>ad</strong></span> <span class='ocrx_word' id='word_1_233' title='bbox 158 3066 186 3114; x_wconf 68' lang='grc' dir='ltr'><strong>τ.</strong></span> <span class='ocrx_word' id='word_1_234' title='bbox 259 3063 326 3115; x_wconf 88' lang='lat' dir='ltr'><strong>8tu</strong></span> <span class='ocrx_word' id='word_1_235' title='bbox 345 3076 397 3114; x_wconf 87' lang='lat' dir='ltr'><strong>om.</strong></span> <span class='ocrx_word' id='word_1_236' title='bbox 417 3061 452 3115; x_wconf 91' lang='lat' dir='ltr'><strong>A.</strong></span> <span class='ocrx_word' id='word_1_237' title='bbox 526 3065 560 3115; x_wconf 81' lang='lat'><strong>13</strong></span> <span class='ocrx_word' id='word_1_238' title='bbox 579 3058 708 3114; x_wconf 86' lang='lat' dir='ltr'><strong>deficitur</strong></span> <span class='ocrx_word' id='word_1_239' title='bbox 721 3066 748 3111; x_wconf 73' lang='grc' dir='ltr'><strong>Τ.</strong></span> <span class='ocrx_word' id='word_1_240' title='bbox 773 3058 867 3112; x_wconf 86' lang='lat' dir='ltr'><strong>deficit</strong></span> <span class='ocrx_word' id='word_1_241' title='bbox 885 3057 921 3112; x_wconf 84' lang='lat' dir='ltr'><strong>A.</strong></span> <span class='ocrx_word' id='word_1_242' title='bbox 995 3061 1028 3110; x_wconf 89' lang='grc'><strong>18</strong></span> <span class='ocrx_word' id='word_1_243' title='bbox 1047 3055 1118 3108; x_wconf 89' lang='lat' dir='ltr'><strong>Prae</strong></span> <span class='ocrx_word' id='word_1_244' title='bbox 1153 3111 1172 3120; x_wconf 64' lang='grc'>,</span> 
     </span>
     <span class='ocr_line' id='line_1_35' title="bbox 104 3127 1116 3198; baseline -0.006 -12"><span class='ocrx_word' id='word_1_245' title='bbox 104 3133 206 3187; x_wconf 88' lang='lat' dir='ltr'><strong>cuncta</strong></span> <span class='ocrx_word' id='word_1_246' title='bbox 224 3131 300 3186; x_wconf 84' lang='lat' dir='ltr'><strong>vitae</strong></span> <span class='ocrx_word' id='word_1_247' title='bbox 319 3137 366 3187; x_wconf 82' lang='lat' dir='ltr'><strong>etc.</strong></span> <span class='ocrx_word' id='word_1_248' title='bbox 391 3132 523 3186; x_wconf 75' lang='lat' dir='ltr'><strong>carminis</strong></span> <span class='ocrx_word' id='word_1_249' title='bbox 545 3137 654 3186; x_wconf 78' lang='lat' dir='ltr'><strong>tantum</strong></span> <span class='ocrx_word' id='word_1_250' title='bbox 676 3131 801 3197; x_wconf 78' lang='lat' dir='ltr'><strong>frustula</strong></span> <span class='ocrx_word' id='word_1_251' title='bbox 824 3130 877 3198; x_wconf 75' lang='lat' dir='ltr'><strong>lepi</strong></span> <span class='ocrx_word' id='word_1_252' title='bbox 897 3132 1012 3197; x_wconf 78' lang='lat' dir='ltr'><strong>possunt</strong></span> <span class='ocrx_word' id='word_1_253' title='bbox 1034 3127 1066 3180; x_wconf 80' lang='lat' dir='ltr'><strong>ia</strong></span> <span class='ocrx_word' id='word_1_254' title='bbox 1089 3132 1116 3180; x_wconf 71' lang='grc' dir='ltr'><strong>Τ.</strong></span> 
     </span>
     <span class='ocr_line' id='line_1_36' title="bbox 104 3196 1119 3272; baseline -0.008 -14"><span class='ocrx_word' id='word_1_255' title='bbox 104 3204 138 3270; x_wconf 86' lang='lat' dir='ltr'><strong>cf.</strong></span> <span class='ocrx_word' id='word_1_256' title='bbox 159 3203 251 3272; x_wconf 77' lang='lat' dir='ltr'><strong>praef.</strong></span> <span class='ocrx_word' id='word_1_257' title='bbox 335 3209 367 3256; x_wconf 85' lang='lat'><strong>19</strong></span> <span class='ocrx_word' id='word_1_258' title='bbox 392 3201 433 3256; x_wconf 91' lang='lat' dir='ltr'><strong>De</strong></span> <span class='ocrx_word' id='word_1_259' title='bbox 457 3202 512 3256; x_wconf 89' lang='lat' dir='ltr'><strong>fine</strong></span> <span class='ocrx_word' id='word_1_260' title='bbox 535 3204 643 3256; x_wconf 85' lang='lat' dir='ltr'><strong>certum</strong></span> <span class='ocrx_word' id='word_1_261' title='bbox 666 3198 761 3255; x_wconf 86' lang='lat' dir='ltr'><strong>finisse</strong></span> <span class='ocrx_word' id='word_1_262' title='bbox 785 3199 887 3267; x_wconf 90' lang='lat' dir='ltr'><strong>quibus</strong></span> <span class='ocrx_word' id='word_1_263' title='bbox 909 3198 993 3253; x_wconf 88' lang='lat' dir='ltr'><strong>metis</strong></span> <span class='ocrx_word' id='word_1_264' title='bbox 1016 3197 1052 3252; x_wconf 91' lang='lat' dir='ltr'><strong>A.</strong></span> <span class='ocrx_word' id='word_1_265' title='bbox 1085 3196 1119 3250; x_wconf 89' lang='lat' dir='ltr'><strong>de</strong></span> 
     </span>
     <span class='ocr_line' id='line_1_37' title="bbox 103 3266 1121 3342; baseline -0.006 -15"><span class='ocrx_word' id='word_1_266' title='bbox 103 3273 127 3331; x_wconf 75' lang='lat' dir='ltr'><strong>f,</strong></span> <span class='ocrx_word' id='word_1_267' title='bbox 139 3317 145 3330; x_wconf 88' lang='lat'><strong>.</strong></span> <span class='ocrx_word' id='word_1_268' title='bbox 157 3317 162 3330; x_wconf 93' lang='lat'><strong>.</strong></span> <span class='ocrx_word' id='word_1_269' title='bbox 175 3273 294 3328; x_wconf 81' lang='lat' dir='ltr'><strong>,escium</strong></span> <span class='ocrx_word' id='word_1_270' title='bbox 312 3272 482 3342; x_wconf 87' lang='lat' dir='ltr'><strong>quibusque.</strong></span> <span class='ocrx_word' id='word_1_271' title='bbox 495 3271 545 3330; x_wconf 80' lang='lat' dir='ltr'><strong>,tis</strong></span> <span class='ocrx_word' id='word_1_272' title='bbox 559 3280 588 3329; x_wconf 70' lang='grc' dir='ltr'><strong>Τ.</strong></span> <span class='ocrx_word' id='word_1_273' title='bbox 617 3272 652 3327; x_wconf 89' lang='lat' dir='ltr'><strong>de</strong></span> <span class='ocrx_word' id='word_1_274' title='bbox 670 3272 725 3326; x_wconf 88' lang='lat' dir='ltr'><strong>fine</strong></span> <span class='ocrx_word' id='word_1_275' title='bbox 743 3272 872 3327; x_wconf 84' lang='lat' dir='ltr'><strong>fortunae</strong></span> <span class='ocrx_word' id='word_1_276' title='bbox 890 3270 976 3324; x_wconf 85' lang='lat' dir='ltr'><strong>fuisse</strong></span> <span class='ocrx_word' id='word_1_277' title='bbox 994 3266 1121 3324; x_wconf 89' lang='lat' dir='ltr'><strong>nescium</strong></span> 
     </span>
     <span class='ocr_line' id='line_1_38' title="bbox 103 3339 1119 3413; baseline -0.007 -14"><span class='ocrx_word' id='word_1_278' title='bbox 103 3344 235 3401; x_wconf 61' lang='lat' dir='ltr'><strong>arnol.</strong></span> <span class='ocrx_word' id='word_1_279' title='bbox 273 3349 307 3398; x_wconf 73' lang='lat'><strong>22</strong></span> <span class='ocrx_word' id='word_1_280' title='bbox 327 3345 402 3413; x_wconf 89' lang='lat' dir='ltr'><strong>quod</strong></span> <span class='ocrx_word' id='word_1_281' title='bbox 420 3346 489 3398; x_wconf 89' lang='lat' dir='ltr'><strong>haec</strong></span> <span class='ocrx_word' id='word_1_282' title='bbox 504 3350 550 3398; x_wconf 64' lang='lat' dir='ltr'><strong>u?</strong></span> <span class='ocrx_word' id='word_1_283' title='bbox 574 3359 646 3413; x_wconf 88' lang='lat' dir='ltr'><strong>quae</strong></span> <span class='ocrx_word' id='word_1_284' title='bbox 665 3344 700 3398; x_wconf 90' lang='lat' dir='ltr'><strong>A.</strong></span> <span class='ocrx_word' id='word_1_285' title='bbox 738 3347 772 3396; x_wconf 77' lang='lat'><strong>23</strong></span> <span class='ocrx_word' id='word_1_286' title='bbox 791 3341 914 3396; x_wconf 87' lang='lat' dir='ltr'><strong>facessat</strong></span> <span class='ocrx_word' id='word_1_287' title='bbox 927 3347 955 3395; x_wconf 72' lang='grc' dir='ltr'><strong>Τ.</strong></span> <span class='ocrx_word' id='word_1_288' title='bbox 977 3340 1070 3394; x_wconf 90' lang='lat' dir='ltr'><strong>cessat</strong></span> <span class='ocrx_word' id='word_1_289' title='bbox 1082 3339 1119 3392; x_wconf 90' lang='lat' dir='ltr'><strong>A.</strong></span> 
     </span>
     <span class='ocr_line' id='line_1_39' title="bbox 104 3409 1120 3486; baseline -0.008 -16"><span class='ocrx_word' id='word_1_290' title='bbox 104 3422 139 3470; x_wconf 74' lang='lat'><strong>26</strong></span> <span class='ocrx_word' id='word_1_291' title='bbox 159 3433 223 3486; x_wconf 84' lang='lat' dir='ltr'><strong>epea</strong></span> <span class='ocrx_word' id='word_1_292' title='bbox 242 3415 330 3470; x_wconf 86' lang='lat' dir='ltr'><strong>futuri</strong></span> <span class='ocrx_word' id='word_1_293' title='bbox 345 3416 470 3470; x_wconf 89' lang='lat' dir='ltr'><strong>-metu</strong></span> <span class='ocrx_word' id='word_1_294' title='bbox 488 3431 538 3471; x_wconf 83' lang='lat' dir='ltr'><strong>om.</strong></span> <span class='ocrx_word' id='word_1_295' title='bbox 559 3421 586 3468; x_wconf 71' lang='grc' dir='ltr'><strong>Τ.</strong></span> <span class='ocrx_word' id='word_1_296' title='bbox 680 3420 713 3469; x_wconf 77' lang='lat'><strong>27</strong></span> <span class='ocrx_word' id='word_1_297' title='bbox 733 3413 810 3467; x_wconf 87' lang='lat' dir='ltr'><strong>hisce</strong></span> <span class='ocrx_word' id='word_1_298' title='bbox 829 3428 900 3481; x_wconf 90' lang='lat' dir='ltr'><strong>quae</strong></span> <span class='ocrx_word' id='word_1_299' title='bbox 918 3411 961 3466; x_wconf 81' lang='lat' dir='ltr'><strong>fas</strong></span> <span class='ocrx_word' id='word_1_300' title='bbox 978 3416 993 3465; x_wconf 76' lang='grc' dir='ltr'>ἒ</span> <span class='ocrx_word' id='word_1_301' title='bbox 1011 3410 1047 3466; x_wconf 90' lang='lat' dir='ltr'><strong>A.</strong></span> <span class='ocrx_word' id='word_1_302' title='bbox 1076 3409 1120 3463; x_wconf 88' lang='lat' dir='ltr'><strong>his</strong></span> 
     </span>
    </p>
   </div>
   <div class='ocr_carea' id='block_1_5' title="bbox 98 3483 1139 3610">
    <p class='ocr_par' dir='ltr' id='par_1_17' title="bbox 98 3483 1139 3610">
     <span class='ocr_line' id='line_1_40' title="bbox 98 3483 1139 3610; baseline -0.015 -65"><span class='ocrx_word' id='word_1_303' title='bbox 98 3502 263 3610; x_wconf 51' lang='lat' dir='ltr'><strong>qtqqequqe.</strong></span> <span class='ocrx_word' id='word_1_304' title='bbox 275 3529 299 3544; x_wconf 91' lang='lat'><strong>..</strong></span> <span class='ocrx_word' id='word_1_305' title='bbox 320 3492 348 3540; x_wconf 71' lang='grc' dir='ltr'><strong>Τ.</strong></span> <span class='ocrx_word' id='word_1_306' title='bbox 372 3487 510 3543; x_wconf 86' lang='lat' dir='ltr'><strong>instruere</strong></span> <span class='ocrx_word' id='word_1_307' title='bbox 528 3487 561 3542; x_wconf 92' lang='lat' dir='ltr'><strong>ut</strong></span> <span class='ocrx_word' id='word_1_308' title='bbox 574 3492 602 3541; x_wconf 69' lang='grc' dir='ltr'><strong>τ.</strong></span> <span class='ocrx_word' id='word_1_309' title='bbox 625 3485 769 3543; x_wconf 76' lang='lat' dir='ltr'><strong>instruere</strong></span> <span class='ocrx_word' id='word_1_310' title='bbox 788 3485 820 3540; x_wconf 81' lang='lat' dir='ltr'><strong>et</strong></span> <span class='ocrx_word' id='word_1_311' title='bbox 835 3485 871 3540; x_wconf 83' lang='lat' dir='ltr'><strong>A.</strong></span> <span class='ocrx_word' id='word_1_312' title='bbox 911 3489 951 3538; x_wconf 60' lang='lat' dir='ltr'><strong>“sb</strong></span> <span class='ocrx_word' id='word_1_313' title='bbox 967 3483 1139 3536; x_wconf 58' lang='lat' dir='ltr'><strong>ammomum.</strong></span> 
     </span>
     <span class='ocr_line' id='line_1_41' title="bbox 163 3573 247 3610; baseline -0.012 0"><span class='ocrx_word' id='word_1_314' title='bbox 163 3573 195 3610; x_wconf 81' lang='lat' dir='ltr'><strong>ns</strong></span> <span class='ocrx_word' id='word_1_315' title='bbox 241 3597 247 3609; x_wconf 91' lang='lat'><strong>.</strong></span> 
     </span>
    </p>
   </div>
   <div class='ocr_carea' id='block_1_6' title="bbox 0 0 1229 3826">
    <p class='ocr_par' dir='ltr' id='par_1_18' title="bbox 0 0 1229 3826">
     <span class='ocr_line' id='line_1_42' title="bbox 0 0 1229 3826; baseline 0 0"><span class='ocrx_word' id='word_1_316' title='bbox 0 0 1229 3826; x_wconf 95' lang='lat' dir='ltr'><strong> </strong></span> 
     </span>
    </p>
   </div>
  </div>
 </body>
</html>
