2414 3826
383 143 500 201 ORTUS
518 141 742 200 ALEXANDRI.
1025 143 1069 210 33

57 308 109 374 Ad
135 307 217 372 haec
247 306 360 372 doctus
389 305 572 370 Alexander
600 307 661 371 tali
690 328 847 391 responso
878 307 967 372 omni
998 307 1069 372 dili-

57 397 168 483 gentia
190 395 381 475 rimabatur,
404 415 502 477 quam
520 394 683 461 Proteiam
706 396 849 460 insulam
873 396 949 460 deus
970 396 1070 461 vellet

57 484 175 570 quidve
188 483 240 548 illi
253 482 395 548 numinis
408 482 616 567 praesideret
646 483 735 561 Quae
750 485 941 550 etiamtunc
959 484 1069 550 animo
1088 496 1132 546 19.

55 574 209 640 volutans
231 572 371 656 peractis
399 573 462 636 rite
488 572 655 637 sacrificiis
678 573 820 638 indidem
843 573 1070 658 proficiscitur.

54 662 161 728 Multo
172 661 308 744 denique
322 660 450 725 itineris
461 661 630 726 exanclato
646 661 732 745 apud
741 662 847 726 vicum
859 663 992 726 Astrata
1006 662 1069 728 fes·
1084 683 1097 725 s

55 773 128 818 sum
143 749 370 815 commilitium
384 749 504 825 refecit
528 748 602 833 Ipse
617 754 727 815 autem
741 772 798 815 rex
813 773 886 816 eum
900 750 985 815 forte
1018 755 1117 813 XXXI.

54 842 92 906 in
110 860 202 925 agro,
220 843 257 903 ut
276 837 412 920 adsolet,
432 838 636 922 spatiaretur,
657 860 786 903 cervam
806 840 943 904 intuitus
962 840 1071 923 pastui

56 931 248 1012 occupatam
272 948 373 991 unum
397 949 435 992 ex
457 927 523 1010 his,
549 927 604 1010 qui
627 927 829 992 destinandis
853 928 983 1011 sagittis
1007 930 1070 994 sol·

54 1017 172 1082 lertior
198 1016 394 1099 habebatur,
424 1014 559 1080 iaculari
589 1016 728 1081 bestiam
755 1016 855 1083 iubet.
906 1014 968 1092 Qui
996 1038 1071 1081 cum

55 1127 127 1171 rem
154 1126 220 1169 non
248 1126 287 1168 ex
315 1102 466 1187 opinione
493 1103 716 1188 praeiudicata
745 1103 876 1168 fecisset
905 1103 1071 1189 leviusque
1086 1127 1112 1168 11

55 1195 159 1259 ictum
189 1191 310 1257 animal
338 1193 510 1277 evasisset,
539 1193 736 1257 exclamasse
759 1191 943 1257 Alexander
970 1193 1073 1258 fertur

56 1281 183 1348 Graeco
212 1281 334 1346 seilicet
362 1281 476 1366 verbo,
504 1282 590 1366 quod
617 1282 784 1348 remissior
812 1304 904 1347 arcus
933 1282 1072 1346 intentio

56 1372 218 1455 sagittam
232 1370 427 1435 imbecillius
442 1370 612 1455 exegisset,
631 1393 712 1454 para
730 1373 834 1436 tonon
849 1370 935 1435 istud
950 1369 1072 1435 factum

57 1460 170 1526 videri.
209 1457 262 1524 Elx
282 1480 383 1543 eoque
403 1459 524 1523 dictum
543 1458 768 1545 Paratonium3
793 1460 891 1525 etiam
913 1464 990 1543 post
1010 1459 1074 1525 fre-

58 1551 234 1634 quentatae
258 1548 332 1612 urbi
353 1569 472 1614 nomen
496 1548 580 1612 idem
604 1548 725 1613 datum.
1088 1570 1114 1612 15

151 1634 209 1701 24.
239 1635 325 1701 Hinc
352 1658 449 1720 porro
478 1637 517 1701 ad
546 1636 668 1720 locum,
696 1636 751 1722 qui
778 1636 877 1721 vulgo
906 1635 1071 1720 Taposiris
1091 1649 1138 1702 20.

59 1726 236 1810 diceretur,
264 1725 400 1808 adpulit.
445 1726 614 1808 Inquirens
642 1729 753 1791 tamen
776 1725 919 1790 nominis
937 1748 1074 1791 causam

60 1814 181 1898 accipit
213 1815 253 1879 ab
270 1813 448 1903 ‘indigenis
481 1814 686 1898 sepulchrum
717 1813 863 1879 Osiridos
896 1814 963 1879 illic
995 1836 1075 1897 esse,

60 1902 148 1988 quod
184 1925 204 1967 a
236 1903 338 1967 veteri
372 1904 607 1987 compositione
642 1905 831 1986 corruptum
863 1902 1074 1984 Taposiridus

59 1993 168 2058 dictus
196 1998 288 2056 esset.
339 1990 500 2076 Operatus
529 1992 630 2076 igitur
657 1991 760 2055 illicce
787 1990 847 2054 deo
878 1989 918 2053 ad
948 1988 982 2052 id
1012 1989 1075 2054 loci
1089 2015 1116 2054 so

59 2081 192 2164 transit,
206 2102 302 2165 quem
314 2084 482 2146 extensum
493 2079 622 2165 quidem
632 2078 744 2164 magni
759 2081 792 2143 et
805 2076 915 2142 uberis
927 2077 1075 2162 aequoris

60 2169 302 2256 pulchritudine
312 2169 457 2251 miratur,
467 2168 672 2253 frequentem
680 2171 791 2232 tamen
801 2166 1076 2231 commanentium

62 2257 307 2324 conventiculis.
351 2256 497 2323 Sedecim
521 2257 644 2341 quippe.
662 2260 695 2322 et
717 2257 821 2321 instar
843 2255 974 2321 urbium
996 2255 1076 2322 vicis

63 2348 223 2412 decoriter
242 2346 415 2412 admodum
436 2346 599 2411 distinctis
619 2349 716 2431 atque
731 2345 897 2430 dispositis
917 2345 1078 2429 consistit,

64 2458 202 2520 quorum
223 2435 440 2518 magnitudini
457 2436 581 2520 pariter
603 2440 636 2500 et
657 2435 893 2519 pulchritudini
915 2436 1021 2502 honor
1045 2439 1118 2502 etas

64 2547 142 2590 cura
162 2524 374 2590 deferebatur.
416 2524 477 2589 His
500 2524 640 2589 sedecim
659 2524 828 2589 sessibulis
847 2524 982 2588 fiumina
1001 2546 1079 2607 quo·

65 2636 126 2699 que
155 2613 322 2678 duodecim
349 2613 600 2692 intererrabant,
627 2613 752 2696 pariter
779 2613 889 2678 omnia
911 2613 1080 2696 vergentia

64 2702 179 2766 iuxtim
198 2702 232 2766 in
247 2722 345 2785 mare,
365 2702 460 2766 sicuti
474 2723 559 2767 nunc
578 2702 677 2766 etiam
697 2700 737 2764 ad
754 2700 945 2766 memoriam
960 2701 1078 2764 veteris

64 2791 289 2855 insulcationis
318 2792 414 2855 datur
436 2792 549 2857 visere.
596 2788 721 2873 Quippe
745 2789 894 2874 quamuis
923 2793 1079 2872 congestu

65 2882 180 2964 postea
204 2881 269 2944 sint
294 2879 334 2944 ad
358 2880 506 2963 aequoris
531 2879 614 2944 uniti
636 2877 752 2942 faciem
777 2881 967 2960 exaequata,
991 2878 1077 2960 quis·
1092 2905 1119 2946 ec

155 3094 172 3142 4
200 3091 332 3145 volutans
362 3090 436 3144 Mai.
477 3089 608 3144 voluntas
636 3091 670 3144 A.
714 3087 901 3157 proficiscitur
927 3087 1016 3141 multo
1044 3088 1080 3140 A.

65 3158 207 3229 proficisci
225 3160 313 3231 igitur
331 3166 358 3215 Τ.
405 3159 501 3229 6111111
520 3166 547 3214 Τ.
573 3159 615 3215 ibi
633 3162 669 3215 A.
714 3156 844 3228 'lpastui
862 3164 889 3213 Τ.
915 3158 1026 3227 pascuis
1045 3159 1081 3211 A.

67 3237 83 3284 9
103 3230 272 3286 iacularibus
292 3239 307 3286 e
325 3230 383 3285 iam
402 3231 481 3286 iubet
499 3237 526 3284 Τ.
601 3238 635 3287 10
653 3249 711 3286 rem
732 3247 781 3284 11111.
801 3228 836 3282 A.
910 3235 941 3282 11
961 3227 1083 3284 Alexan-

67 3302 149 3355 drum
167 3303 301 3357 sertorem
320 3309 348 3357 Τ.
408 3308 440 3356 12
460 3301 588 3358 remissio
608 3301 681 3358 arcis
700 3308 727 3357 Τ.
760 3316 842 3355 arcus
861 3304 891 3355 et
908 3301 1027 3355 intentio
1047 3301 1082 3354 A.

70 3373 230 3428 mdiorum
248 3373 285 3428 A.
311 3390 361 3428 cm.
381 3380 407 3425 Τ.
484 3380 516 3428 15
534 3373 610 3428 idem
629 3374 737 3442 scripsi.
762 3370 868 3425 ibidem
887 3372 922 3427 A.

159 3444 208 3501 24.
237 3449 270 3498 2⁵
288 3444 395 3514 pariter
414 3446 444 3498 et
461 3443 666 3514 pulchrItudini
683 3461 734 3500 om.
754 3443 789 3499 A.
886 3447 922 3498 ‘it
939 3440 1092 3497 sessibuk'xs

68 3516 172 3582 scripsi.
203 3515 384 3571 desessilibus
403 3519 440 3574 A.
469 3519 502 3575 in
521 3524 549 3576 Τ.
569 3519 687 3595 11111111
706 3521 807 3594 peccet.

106 3610 195 3652 Ivarus
212 3613 346 3661 Victurus,
947 3609 969 3656 ‘t
