2414 3826
104 182 145 245 76
526 180 635 235 urana
652 181 686 236 11.

103 346 164 411 bus
189 346 414 425 constravisse,
438 344 578 408 exercitu
603 341 772 407 Graeciam
795 344 1016 427 complevisse,
1040 348 1120 407 a'e'ra.

103 435 209 518 ipsum
230 433 432 497 subtexuisse
453 432 569 498 iaculis
594 435 627 495 et
650 432 791 514 sagittis,
814 436 943 516 gentem
962 432 1118 495 Persidos

104 522 239 605 denique
264 521 488 605 superduxisse
512 520 757 603 captivitatibus
782 519 945 586 Graeciae.
991 519 1116 585 Lauda·

104 632 217 675 musne
240 610 340 695 igitur
364 610 431 673 eius
454 608 645 693 potentiam,
668 609 723 692 qui
746 608 826 673 haec
848 608 974 692 fecerit,
999 631 1039 671 au
1064 631 1114 672 ex-

77 717 279 777 ssecramur,
308 698 393 782 quod
420 699 515 762 urbes
540 695 695 761 Graeciae
719 697 861 780 spolians
886 719 976 761 suam
1000 697 1116 761 barba-

104 787 184 851 riem
222 786 497 870 frequentaverit?
552 784 636 860 Quid
669 805 745 868 ergo
783 785 824 849 ad
858 786 938 850 haec
971 785 1117 869 exempla

105 874 324 939 Alexandrum
338 874 573 958 provocamus?
592 874 648 958 qui
664 871 860 938 Graecorum
877 873 1015 957 quidem,
1029 874 1114 957 quis·

105 985 166 1047 que
186 963 249 1027 sibi
268 963 435 1047 restiterit,
457 985 524 1027 non
543 962 725 1046 captivitati
744 962 912 1043 addixerit,
936 962 991 1026 sed
1014 963 1116 1027 victo-

104 1053 172 1116 riae
190 1052 388 1117 liberalitate
412 1052 586 1116 correxerit
608 1073 736 1134 unaque
760 1072 866 1115 secum
891 1051 1034 1135 coegerit
1057 1051 1118 1113 mi·

66 1159 92 1199 10
106 1140 210 1225 litare,
225 1140 390 1224 professus
405 1140 514 1225 palam
528 1139 561 1204 id
577 1161 646 1203 esse
661 1142 771 1203 votum
787 1160 888 1225 regno
905 1143 937 1203 et
951 1140 1116 1223 potentiae

106 1250 196 1313 suae,
223 1232 260 1292 ut
289 1229 409 1293 amicos
434 1228 562 1311 quidem
587 1227 738 1291 adficeret
762 1228 940 1312 beneficiis,
966 1228 1116 1292 inimicos

105 1339 181 1381 vero
200 1317 424 1381 transduceret
448 1316 487 1379 ad
507 1315 677 1380 amicitias.
714 1313 806 1390 Quod
830 1317 857 1380 si
880 1316 913 1379 id
936 1315 985 1380 illi
1002 1320 1114 1380 votum

105 1408 138 1468 et
165 1405 370 1487 propositum
393 1404 470 1489 fuit,
496 1403 710 1468 Athenienses
739 1425 813 1484 nos,
842 1405 897 1488 qui
921 1404 1016 1468 amici
1038 1403 1118 1468 Ale·

105 1492 227 1555 xandro
255 1492 424 1575 fuerimus,
453 1493 509 1576 qui
535 1492 724 1576 magisteria
750 1496 865 1556 nostra
893 1493 998 1556 eidem
1025 1514 1116 1576 prae·

65 1597 92 1638 15
106 1581 276 1660 iverimus,
315 1580 438 1644 inimici
476 1583 569 1645 tanto
606 1582 675 1644 viro
713 1582 872 1645 malumus
911 1602 981 1645 esse
1018 1602 1116 1664 quam

106 1668 224 1735 amici?
274 1669 311 1732 ld
340 1691 417 1733 vero
445 1688 506 1751 ego
534 1669 597 1733 dici
624 1672 717 1753 turpe
746 1669 998 1733 Atheniensibus
1026 1673 1116 1754 puto,

105 1756 175 1821 fieri
198 1778 293 1841 posse
321 1779 418 1841 porro
447 1779 512 1822 non
540 1757 689 1822 arbitror.
735 1757 842 1841 Turpe
867 1757 953 1822 enim
977 1762 1028 1822 est
1055 1780 1116 1822 nos

106 1844 245 1930 quidem,
268 1848 323 1930 qui
346 1846 397 1911 illi
415 1846 565 1930 magistri
582 1846 747 1931 fuerimus,
771 1846 906 1911 consilio
929 1847 1118 1931 impruden-

106 1934 252 2000 tissimos
280 1935 486 2020 deprehendi,
515 1935 608 1999 illum
639 1938 765 2013 autem,
796 1934 852 2018 qui
881 1956 901 1998 a
929 1935 1025 2000 nobis
1055 1936 1115 2000 has

66 2041 93 2081 20
107 2023 316 2090 scientiarum
335 2027 421 2090 artes
441 2023 609 2108 acceperit,
631 2023 805 2107 prudentia
822 2044 882 2087 nos
902 2027 934 2088 et
956 2024 1116 2108 sapientia

105 2113 303 2196 praevenire.

196 2199 253 2265 14.
286 2199 348 2265 Sed
375 2200 455 2265 haec
479 2201 676 2264 omittamus.
717 2198 768 2264 Ad
796 2200 854 2264 illa
875 2222 961 2266 nunc
985 2201 1111 2265 animos
1132 2207 1178 2258 18·

105 2288 271 2352 advertite.
322 2286 401 2362 Quis
433 2310 490 2352 rex
522 2292 719 2372 tyrannusve
753 2288 889 2372 quisque
918 2287 1114 2354 Graecorum

104 2376 338 2458 imperatorum
358 2375 544 2459 Aegyptum
564 2375 736 2460 aliquando
756 2377 887 2460 adgredi
906 2380 963 2441 aut
986 2377 1113 2441 inruere

65 2478 203 2528 recusus
234 2468 298 2544 est,
332 2462 418 2544 quod
446 2462 502 2525 ille
533 2462 622 2527 solus
653 2484 726 2527 cum
757 2463 890 2529 deorum
921 2466 1115 2530 auctoritate

72 2630 74 2635 Ι
104 2549 203 2615 fecit?
241 2547 454 2615 Clementiam
472 2573 564 2615 suam
584 2572 696 2634 reapse
720 2551 766 2616 sic
789 2556 822 2616 et
844 2553 1008 2618 beneficiis
1027 2576 1115 2618 com-

104 2639 279 2722 mendavit,
302 2641 339 2702 ut
361 2643 489 2704 tantam
512 2640 579 2704 illic
601 2641 715 2705 urbem
738 2641 916 2705 condiderit
939 2663 976 2707 ac
999 2641 1115 2706 funda-

104 2728 197 2813 verit,
221 2731 377 2812 quantam
401 2728 461 2793 sub
485 2727 573 2793 omni
595 2729 674 2793 orbe
696 2732 856 2794 terrarum
879 2730 1003 2794 nullam
1026 2731 1116 2794 fama

193 2908 209 2956 2
229 2901 478 2957 subtexuissew.
512 2901 742 2957 subterstravisse
760 2919 829 2957 corr.
848 2919 882 2957 ca
900 2901 1115 2958 subternisseA.

104 2972 216 3029 aar.
236 2975 322 3027 autu.
387 2979 403 3027 3
422 2971 608 3041 superdixisse
620 2974 654 3027 P.
723 2978 740 3027 8
759 2972 919 3043 captivitati
937 2973 1077 3028 addixerit
1087 2980 1116 3028 Τ,

104 3043 270 3113 captivitate
284 3043 396 3098 duxerit
408 3044 444 3099 A.
450 3044 483 3098 P.
522 3048 537 3096 9
557 3043 678 3098 correxit
691 3051 718 3097 Τ.
743 3043 867 3099 militare
881 3044 1022 3114 professus
1037 3062 1115 3114 pa—

103 3129 154 3171 cm.
173 3121 201 3170 r.
240 3120 271 3168 11
292 3114 432 3183 affligeret
450 3113 472 3183 (l
489 3117 665 3184 expunctum)
679 3114 711 3169 P.
750 3121 783 3169 12
802 3114 833 3168 id
851 3132 901 3170 om.
916 3122 943 3170 Τ.
983 3121 1015 3168 14
1034 3131 1114 3183 prae-

103 3184 218 3240 ierimus
231 3185 264 3238 P.
293 3183 502 3254 praebuerimus
511 3191 538 3239 Τ.
587 3190 619 3238 15
638 3185 824 3240 mallumusr.
854 3203 909 3253 quo
929 3186 1068 3241 malumus
1079 3186 1115 3240 A.

104 3271 159 3323 quo
178 3254 328 3310 maluimus
346 3256 379 3309 P.
454 3261 486 3309 18
504 3254 763 3324 imprudentissimo
782 3255 818 3312 A.

193 3325 240 3382 14.
273 3332 307 3380 23
327 3327 462 3394 tyrannus
485 3325 530 3381 vel
554 3327 671 3395 quisque
695 3327 730 3380 A.
808 3332 844 3381 24
862 3326 1063 3396 imperatorum
1082 3325 1114 3378 P.

102 3396 301 3519 idlpmlo'rem
310 3396 365 3522 ΑΔ
379 3402 413 3451 25
428 3397 509 3522 estbP.
529 3398 642 3520 εῗοῢά.
671 3403 709 3521 ξθ
724 3397 903 3523 ἰεὲὺξῠῖενζιὰ
918 3397 1114 3523 ἱεοίεερῆάξ.

136 3482 329 3521 emenrasua
368 3483 467 3521 ‚rea
505 3484 534 3522 se
571 3483 670 3522 .sea
707 3484 737 3522 se
903 3484 1114 3522 numroe.

84 3534 250 3587 cohorreat
264 3536 301 3590 A.
338 3539 511 3596 concederet
530 3539 565 3594 P.
634 3543 669 3594 28
689 3539 742 3595 sub
761 3539 839 3595 omni
854 3541 994 3594 terrarum
1008 3538 1117 3591 nullam
