2414 3826
384 165 512 222 OBITUS
532 166 755 222 ALEXANDRI.
1012 169 1074 233 157

13 362 16 366 ⁴
59 331 119 412 vit,
143 328 283 483 Scythae
307 333 522 414 tremuerunt,
546 329 693 415 quodque
718 352 783 394 uno
808 330 864 394 ille
887 353 982 396 versu
1005 354 1075 415 per·

60 441 187 485 cucurri
203 469 212 502 ,

133 540 242 608 Quique
262 558 365 596 novum
385 543 504 594 cernunt
522 538 698 609 Hyperiona,
718 540 823 609 quique
844 541 998 596 cadentem.

59 649 174 735 Neque
208 651 294 714 enim
328 671 520 734 quemquam
550 670 617 712 non
648 656 705 712 aut
734 671 863 714 caesum
894 650 1075 717 audivimus

60 745 118 804 aut
142 736 399 822 supplicantem?
445 736 535 801 Haec
559 737 688 821 quidem
711 737 916 804 Aristoteles.
1089 759 1103 802 c

151 825 209 894 49.
242 828 288 891 At
311 847 386 891 vero
411 825 595 889 Alexander
618 826 757 892 collecto
781 829 923 892 exercitu
947 829 1010 892 iter
1033 830 1073 894 ad
1092 839 1138 890 80.

60 916 280 999 Babyloniam
301 916 469 998 convertit,
492 916 526 978 in
545 936 608 998 qua
633 920 802 999 susceptus
821 916 1075 982 honoratissime

61 1009 95 1070 et
110 1005 269 1069 sacrificia
282 1003 343 1068 diis
362 1004 603 1067 immortalibus
617 1008 841 1086 repraesentat
860 1010 893 1068 et
912 1009 1076 1070 certamen

60 1093 303 1179 gymnasticum
326 1093 537 1171 concelebrat.
583 1091 693 1176 Atque
721 1094 794 1156 inde
817 1095 884 1157 iam
907 1093 1076 1177 pacificum

60 1183 125 1247 iter
158 1186 313 1266 coeptans
343 1181 431 1244 hisce
459 1181 579 1245 litteris
608 1181 648 1244 ad
677 1179 905 1266 Olympiadem
937 1189 1075 1248 matrem
1090 1202 1116 1241 10

61 1294 155 1336 suam
179 1271 301 1335 scribit.
348 1268 469 1353 ‘Super
490 1270 543 1334 his
567 1270 709 1355 quidem,
738 1293 817 1355 quas
846 1273 879 1335 in
908 1272 1076 1356 principiis

60 1361 223 1446 egerimus
255 1359 295 1422 ad
325 1358 440 1423 Asiam
470 1380 572 1443 usque
603 1359 842 1442 expeditiones,
874 1361 983 1425 omnia
1013 1361 1076 1425 tibi

59 1455 140 1514 nota
163 1453 253 1534 sunt,
280 1451 384 1512 mater
407 1449 461 1513 mi.
506 1447 655 1531 Aequum
679 1451 791 1512 tamen
814 1449 876 1512 fuit
905 1453 937 1512 et
966 1449 1004 1514 de
1027 1451 1075 1514 in·

61 1538 272 1623 sequentibus
306 1542 339 1601 te
370 1536 476 1601 facere
509 1537 688 1600 certiorem.
740 1537 912 1602 Profectus
945 1559 1022 1624 ergo
1056 1547 1139 1604 a81.

60 1627 229 1711 Babylone
252 1648 318 1690 una
341 1648 413 1690 cum
437 1626 498 1708 his,
522 1646 601 1709 quos
625 1626 730 1709 magis
755 1629 904 1691 strenuos
927 1627 962 1690 in
985 1645 1113 1693 exer-1⁵

63 1717 130 1780 citu
144 1715 314 1798 habebam,
335 1736 416 1798 quae
436 1713 566 1797 quidem
586 1713 721 1778 collecta
741 1718 818 1778 sunt
832 1719 960 1779 centum
976 1717 1076 1799 milia,

61 1805 97 1867 in
121 1806 275 1868 ulteriora
299 1804 466 1886 regionum
489 1804 634 1866 animum
658 1802 782 1866 intendi
806 1805 1002 1888 pervenique
1026 1827 1076 1868 us·

63 1914 125 1976 que
145 1891 184 1955 ad
201 1891 351 1956 Herculis
372 1891 472 1955 stelas
490 1913 556 1954 non
577 1890 682 1954 minus
703 1890 818 1954 itinere
837 1891 960 1955 dierum
974 1892 1075 1956 ferme

61 1982 244 2064 nonaginta
259 1982 409 2064 quinque,
427 1981 516 2044 fama
531 1979 569 2042 de
583 1978 724 2042 Hercule
745 1980 791 2042 sic
809 1980 972 2064 loquente,
990 1981 1075 2064 quod

61 2070 160 2134 hasce
184 2076 287 2134 metas
306 2067 580 2153 peregrinationis
604 2089 681 2131 suae
700 2068 808 2131 fixerit
831 2067 908 2132 deus
932 2068 998 2151 ille,
1020 2070 1076 2153 qui
1089 2090 1115 2130 1ο

61 2166 94 2222 01
118 2159 198 2223 duas
218 2159 326 2240 stelas,
349 2158 380 2221 id
402 2163 451 2221 est
468 2157 584 2221 titulos
604 2157 654 2220 sui
673 2157 829 2240 quosdam
848 2156 968 2221 ibidem
988 2158 1075 2222 dere·

59 2247 173 2332 liquit,
204 2269 340 2330 quorum
369 2269 453 2310 unus
485 2268 523 2309 ex
554 2268 647 2325 auro,
680 2245 765 2310 alter
795 2267 871 2311 vero
901 2250 1075 2331 argenteus

60 2337 253 2400 habebatur.
304 2334 366 2400 sed
397 2335 484 2398 enim
515 2335 653 2400 altitudo
684 2357 794 2399 eorum
826 2339 874 2399 est
903 2336 1075 2400 titulorum

61 2426 181 2490 cubitis
211 2423 311 2488 ferme
343 2425 543 2507 quindecim,
574 2423 754 2489 crassitudo
785 2447 862 2489 vero
893 2425 928 2489 in
955 2425 1075 2490 cubitis

61 2514 197 2578 duobus.
251 2512 345 2577 Hanc
377 2515 495 2577 molem
533 2513 658 2577 metalli
690 2514 843 2597 quoniam
877 2537 943 2579 non
980 2514 1076 2580 facile
1090 2535 1116 2577 as

61 2607 133 2667 0101
156 2601 283 2666 credere
307 2602 411 2667 solido
440 2624 517 2666 auro
546 2624 630 2686 esse,
656 2603 836 2685 periculum
864 2604 931 2667 eius
960 2604 1076 2668 10110-

61 2714 133 2757 cere
162 2714 228 2756 non
260 2691 364 2755 omisi.
415 2690 520 2765 Quare
548 2694 694 2754 moratus
724 2690 845 2754 ibidem
876 2691 988 2755 diebus
1020 2692 1077 2756 ali-

61 2781 192 2865 quantis
227 2779 400 2844 reficiendo
434 2779 557 2844 scilicet
591 2778 688 2842 militi
720 2779 984 2862 sacrificatusque
1015 2780 1074 2843 deo

64 2869 196 2933 Herculi
215 2869 346 2932 titulum
366 2869 460 2932 illum
479 2890 621 2949 aureum,
641 2890 704 2950 qua
722 2868 823 2950 potui,
847 2869 983 2931 rimatus
1004 2890 1075 2934 sum

152 3111 201 3168 49.
235 3113 476 3182 9gymnasticum
497 3113 570 3166 Mai.
604 3111 797 3180 gymnasicum
818 3113 852 3166 A.
886 3112 1076 3181 gymnasium·

62 3201 118 3252 que
140 3183 173 3236 P.
227 3189 260 3237 10
279 3183 333 3237 iter
351 3185 386 3238 A.
406 3184 480 3238 inter
502 3184 534 3238 P.
574 3183 617 3237 his
635 3184 668 3238 P.
716 3189 746 3236 11
769 3199 853 3251 super
871 3183 922 3236 bas
942 3183 976 3237 A.
1006 3200 1076 3250 quas

62 3254 135 3309 Mai.
162 3272 234 3323 quae
253 3257 288 3310 A.
297 3256 331 3309 P.
394 3262 427 3309 13
446 3256 515 3310 nota
533 3253 591 3310 sint
608 3254 644 3309 A.
707 3260 740 3308 14
760 3269 826 3323 ergo
845 3272 862 3308 0
880 3253 1024 3322 Babylone
1042 3255 1076 3309 P.

62 3324 167 3395 quippe
182 3326 218 3380 ad
234 3326 404 3394 Babylonem
413 3329 447 3381 A.
499 3331 531 3381 18
547 3327 632 3380 stelas
643 3327 714 3380 Mai.
736 3325 833 3379 0101100
841 3327 914 3381 A.P.
934 3325 1036 3380 itinere
1044 3326 1076 3379 P.

61 3399 166 3451 iterum
186 3399 221 3451 A.
266 3403 298 3452 19
318 3415 388 3466 quos
407 3398 457 3451 has
477 3401 614 3451 0001110100
634 3397 664 3450 P.
710 3403 742 3450 21
763 3396 878 3466 reliquit
896 3398 928 3451 P.
975 3403 1009 3452 23
1028 3398 1076 3453 ha-

62 3468 164 3522 beatur
183 3472 218 3524 A.
283 3474 318 3523 21
338 3469 453 3524 1110110111
474 3470 506 3521 P.
575 3467 1093 3523 26001111001011101001011,

62 3544 97 3593 28
117 3539 201 3593 militi
220 3540 277 3596 Mr.
305 3539 397 3596 milite
418 3541 452 3599 P.
482 3538 595 3598 militae
615 3540 655 3597 A.
