2414 3826
131 183 195 247 132
547 181 657 236 arnna
674 181 721 236 111.

129 367 199 412 esse
219 345 354 431 dignum
373 344 506 430 cognitu
526 347 560 408 ct
578 345 715 409 scientia
733 343 979 422 contendebant,
998 343 1026 407 si
1045 344 1139 408 modo

128 435 247 500 mirum
271 432 396 498 homini
414 432 517 496 videri
535 436 648 516 posset
665 433 788 498 virecta
804 453 937 498 noscere
956 436 989 496 et
1007 432 1140 498 arbusta

128 522 277 606 loquacia
300 520 341 586 ad
364 521 541 586 humanum
560 521 702 587 modurn.
737 520 775 586 ld
797 521 939 605 primurn
961 523 999 584 ut
1020 521 1139 605 impos·

128 610 223 676 sibile
246 609 544 693 alienissimumque
567 613 686 675 natura
708 611 887 675 arbitratus
910 630 1013 693 neque
1040 610 1140 674 credi-

102 701 240 764 odersm
262 703 295 764 et
316 699 502 764 renuebam.
545 697 608 762 Sed
630 698 880 783 persistentibus
904 698 1140 763 adserentibus·

129 810 204 873 que,
232 788 390 853 adsensus
416 808 486 853 sum
513 786 644 850 tandem
671 787 781 852 itineri
805 788 874 853 eius
897 790 1015 871 terrae,
1044 808 1140 871 quam

129 878 177 942 sol
197 878 305 943 oriens
319 877 476 942 visitaret.
508 875 558 943 Eo
577 897 655 961 ergo
674 897 747 940 cum
763 877 972 962 venissemus,
990 875 1090 940 ducor
1107 877 1141 940 in

129 967 291 1050 quendam
314 967 422 1032 locum
441 965 612 1029 arboribus
631 965 793 1029 consitum
817 965 869 1030 vel
892 963 1138 1030 amoenissimis.

129 1055 226 1122 Hune
249 1056 299 1120 illi
316 1054 504 1139 paradisum
524 1054 715 1120 vocitavere.
751 1052 926 1119 Enimvero
950 1057 1140 1137 conseptum

89 1166 117 1205 ro
130 1145 252 1210 viseres
275 1166 342 1209 non
361 1143 517 1208 materiae
535 1142 751 1220 circumiectu,
774 1164 885 1208 verum
904 1143 1056 1208 arborum
1079 1142 1139 1206 fre·

130 1234 263 1317 quentia
286 1231 601 1297 circumsistentium.
646 1229 791 1296 Deorum
818 1252 945 1295 sacrum
969 1228 1055 1295 Solis
1078 1230 1139 1295 Lu·

128 1342 253 1404 naeque
277 1342 347 1384 esse
371 1320 535 1401 dicebant3
561 1341 638 1384 nam
662 1323 695 1384 et
717 1320 812 1384 aedes
835 1319 1020 1403 templaque
1044 1341 1140 1404 opere

129 1409 271 1473 naturali
300 1407 390 1472 hisce
424 1407 486 1471 diis
518 1406 639 1472 ibidem
667 1408 861 1474 intrinsecus
890 1408 1027 1490 viseres,
1060 1408 1139 1474 duas

129 1518 206 1561 vero
231 1496 363 1561 arbores
388 1496 513 1560 caelum
536 1495 637 1561 ferme
655 1497 849 1582 proceritate
871 1496 1076 1581 intervectas,
1100 1497 1139 1561 si-

91 1602 116 1644 15
130 1584 201 1648 mili
223 1583 305 1649 facie
324 1607 389 1670 qua
407 1606 589 1668 cupressus,
611 1586 802 1671 plerumque
825 1584 924 1651 etiam
943 1585 1141 1672 directiores,

130 1695 169 1737 ex
188 1695 226 1738 ca
245 1673 355 1758 stirpe,
381 1674 467 1758 quod
484 1694 587 1758 genus
611 1674 743 1740 arbores
761 1674 991 1759 myrobalanos
1009 1674 1141 1740 habent.

129 1758 193 1827 Sed
216 1784 254 1826 ex
273 1763 361 1827 hisce
380 1763 504 1828 duabus
525 1762 704 1848 arboribus,
727 1763 767 1827 de
785 1764 903 1849 quibus
922 1783 1022 1846 supra
1041 1762 1142 1829 locuti
1161 1773 1183 1825 el

130 1872 251 1937 sumus,
274 1873 399 1917 marem
417 1852 565 1936 alteram,
588 1851 726 1917 alteram
745 1852 898 1917 feminam
922 1873 992 1917 esse
1011 1857 1142 1918 conten·

130 1940 218 2006 dunt.
259 1940 304 2006 Et
326 1941 427 2006 maris
451 1940 580 2025 quidem
604 1940 731 2006 arboris
754 1940 936 2026 praesidem
956 1938 1074 2024 Solem,
1096 1941 1142 2006 fe-

89 2048 116 2088 ao
130 2030 238 2094 minae
256 2050 332 2095 vero
351 2029 476 2095 Lunam
499 2051 572 2094 esse
589 2028 746 2094 altricem.
782 2029 907 2095 Harum
928 2029 1033 2094 omnis
1058 2030 1143 2095 circa

129 2119 254 2183 radices
282 2119 480 2185 convestitas
508 2119 630 2183 viseres
659 2118 761 2203 tergis
790 2140 828 2184 ac
856 2118 996 2204 pellibus
1025 2119 1142 2204 sacris3

130 2205 187 2270 sed
210 2229 249 2271 cx
271 2206 338 2290 his,
362 2228 445 2290 quae
468 2228 507 2271 ex
529 2207 674 2272 maribus
698 2210 816 2291 essent,
838 2209 883 2274 od
902 2228 1025 2271 marem
1049 2208 1143 2272 arbo-

129 2314 212 2376 rem,
239 2314 323 2376 quae
350 2315 427 2359 vero
456 2315 495 2358 ex
522 2295 699 2377 pecudibus
726 2295 888 2374 femineis,
916 2297 956 2360 ad
984 2295 1143 2361 honorem

129 2378 269 2443 feminae
289 2380 381 2445 sitae.
422 2379 577 2457 Quamvis
595 2383 783 2450 hominibus
802 2383 910 2469 gentis
934 2384 1040 2449 eiusce
1063 2407 1142 2450 usus

90 2465 208 2530 referri
227 2467 351 2544 aerisve
370 2469 420 2534 vel
442 2470 551 2534 stanni
570 2471 777 2539 omnifariam
799 2473 1014 2558 ignoraretur,
1036 2495 1142 2558 neque

131 2559 216 2620 esset
230 2556 411 2642 quicquam,
430 2558 515 2643 quod
531 2559 571 2623 ad
585 2560 724 2626 aedificii
742 2583 837 2627 usum
851 2583 891 2626 ex
906 2562 977 2628 luto
991 2563 1143 2648 fingeres.

129 2642 212 2709 Uum
239 2645 340 2730 igitur
369 2647 426 2711 illa
450 2652 544 2733 terga
566 2649 617 2713 vel
643 2649 750 2734 spolia
778 2650 969 2734 bestiarum,
1000 2671 1039 2715 ex
1069 2651 1142 2736 quis

130 2731 239 2799 forent
261 2734 490 2822 animantibus,
516 2758 713 2824 quaererem,
738 2739 899 2823 comperio
920 2740 1049 2805 leonum
1073 2762 1143 2805 esse

131 2822 199 2887 sive
210 2824 384 2907 pardorum
399 2829 432 2890 et
445 2825 669 2892 huiuscemodi
683 2827 869 2912 bestiarum,
883 2832 916 2894 et
925 2850 1024 2912 usque
1039 2830 1141 2915 tergis

219 2985 235 3033 3
256 2979 345 3035 Verbo
362 2981 395 3034 Id
411 2981 534 3050 primum
544 2989 604 3037 -7
619 2980 794 3038 venissemus
810 2999 860 3040 om.
877 2985 910 3039 P.
962 2989 979 3040 t
998 2987 1028 3040 et
1044 3001 1143 3041 renue·

129 3049 195 3104 barn
207 3049 307 3106 Sobtec.
326 3053 359 3105 ut
371 3052 539 3108 rintivebam
552 3055 737 3124 repascaprc
754 3054 888 3109 referenti
896 3056 933 3111 A.
970 3061 987 3110 6
1001 3074 1062 3110 sum
1077 3058 1142 3113 add.

131 3120 206 3175 Mai.
239 3119 335 3176 itineri
354 3124 428 3178 Mai.
447 3123 548 3178 itinere
567 3125 604 3178 A.
646 3127 767 3178 lducor
785 3141 853 3196 ergo
873 3127 908 3181 P.
949 3126 1031 3182 8'vel
1049 3143 1142 3183 amoe-

128 3185 177 3243 nis‘
199 3191 236 3244 A.
264 3191 310 3246 vel
328 3194 435 3248 amenis
452 3193 486 3247 P.
531 3195 648 3249 9illnm
663 3194 698 3250 P.
726 3213 861 3251 vocavere
875 3197 907 3252 P.
936 3198 1009 3254 Iade
1027 3216 1046 3253 a
1063 3200 1143 3254 verbo

132 3259 315 3318 ‘Enimvero’
340 3280 424 3333 usqae
447 3266 485 3319 ad
507 3265 589 3319 verba
614 3264 807 3335 ‘diligentiam
830 3269 957 3337 praesto'
983 3273 1144 3338 p.13e,13

130 3333 231 3412 omittit
245 3333 280 3388 P.
320 3338 352 3388 11
373 3333 608 3391 deorum—Solis
626 3339 733 3407 scripsi.
762 3339 958 3394 eorum-soli
973 3341 1008 3394 A.
1048 3346 1080 3394 15
1100 3340 1143 3396 di-

129 3403 272 3471 rectrores,
291 3420 325 3459 ex
344 3405 418 3461 Mai.
442 3405 623 3461 directiorum
642 3410 687 3462 est
704 3407 739 3464 A.
776 3414 811 3464 20
830 3410 956 3464 altricem
970 3411 1042 3466 Mai.
1061 3412 1143 3466 ultri-

111 3472 244 3604 abeqlded'
289 3479 324 3529 22
343 3476 379 3530 ad
398 3475 462 3533 add.
482 3477 538 3534 Mr.
585 3483 620 3534 29
639 3480 669 3533 et
685 3495 773 3549 nsque
792 3480 828 3536 A.
856 3482 886 3536 et
903 3481 980 3537 hisce
1000 3483 1141 3539 MaiMr.
