2414 3826
408 193 538 249 OBITUS
556 191 779 250 ALEXANDRI.
1036 194 1098 258 151

85 379 234 421 exorsus:
263 355 469 435 ‘Numnamss
493 356 613 441 inquit,
642 356 732 441 tibi,
755 355 954 440 Alexander,
982 357 1099 421 mirum

86 450 137 510 est
166 447 201 509 in
230 449 297 509 tam
329 445 506 529 longinquo
538 445 590 509 dei
619 445 715 509 huius
746 446 965 528 praesentiam
994 445 1099 511 visam

85 534 182 598 esse?
214 535 269 598 sed
298 533 384 598 idem
416 534 534 618 ubique
566 537 655 598 totns
687 555 724 597 ac
752 555 905 617 praesens
935 533 1011 616 est',
1044 535 1098 600 ait

84 621 192 698 ‘Quod
216 623 302 685 enim
326 622 407 686 caeli
431 622 571 687 ambitus
595 621 713 705 ubique
736 623 936 705 praestiterit
963 623 1098 707 homini,

84 711 119 775 id
143 711 238 775 huius
262 732 390 795 quoque
416 712 557 775 numinis
580 711 643 793 vis,
670 731 748 792 qaae
773 733 950 796 numquam
975 711 1125 776 frustras

84 799 186 864 veluti
209 821 267 882 per
291 800 473 865 absentiam
496 797 692 884 requiritur?
737 799 820 864 Tum
839 798 1023 864 Alexander
1046 821 1097 865 oc-

84 889 247 953 casionem
280 889 348 951 veri
386 888 537 953 audiendi
578 893 669 951 ratus
712 889 862 971 protinus
905 889 1098 970 sciscitatur,

84 981 242 1061 quantum
272 977 334 1040 sibi
364 977 404 1040 ad
432 977 518 1041 vitae
551 977 671 1059 spatia,
689 977 902 1060 polliceretur.
953 975 1014 1041 Sed
1043 975 1112 1041 Se·'

84 1064 254 1130 sonehosis
290 1065 352 1129 ‘Et
386 1068 461 1128 ante
495 1065 561 1129 iam
591 1065 713 1129 dictum
744 1063 825 1147 est,'
856 1065 978 1150 inquit,
1007 1063 1098 1150 ‘tibi,

82 1154 165 1218 nihil
184 1154 311 1218 homini
333 1153 536 1218 commodare
555 1153 814 1238 praescientiam,
833 1176 930 1238 quarn
950 1153 1096 1238 requiris.
1112 1175 1138 1216 10

84 1241 210 1325 Quippe
240 1242 361 1306 viventi
392 1243 430 1306 de
460 1243 546 1308 vitae
576 1243 716 1307 termino
745 1246 853 1307 ratum
880 1243 986 1308 dicere
1013 1243 1097 1307 nihil

83 1331 173 1395 aliud
206 1336 255 1394 est
288 1352 384 1414 quam
416 1333 552 1416 longum
584 1353 763 1396 maerorem
801 1332 831 1395 ei
866 1334 898 1395 et
929 1336 1097 1417 perpetem

84 1419 275 1502 contulisse;
306 1442 396 1502 spem
424 1441 499 1484 vero
529 1419 658 1483 vivendi
686 1420 818 1503 perinde
846 1419 917 1484 fieri
945 1419 1096 1506 longissi-

83 1531 182 1593 mam,
205 1510 233 1572 si
251 1508 474 1591 praesentibus
493 1508 667 1593 perfruere.
713 1508 806 1585 Quod
830 1530 909 1595 ergo
932 1514 1025 1575 tuum
1049 1512 1098 1574 est

82 1619 121 1662 ac
146 1597 339 1661 beatitudini
362 1601 439 1661 tuae
467 1597 603 1682 proficit,
625 1598 704 1662 urbs
727 1598 900 1683 tellusque,
924 1620 1021 1682 quam
1044 1598 1097 1663 de·
1111 1618 1137 1660 rc

81 1686 203 1771 legisti,
228 1686 290 1749 erit
309 1686 396 1750 orbis
416 1686 593 1767 inlustrior,
616 1707 717 1771 eoque
736 1686 799 1750 tibi
818 1709 902 1752 nunc
926 1692 959 1751 et
981 1687 1015 1751 in
1039 1709 1097 1771 po·

83 1779 207 1838 starum
226 1796 291 1838 nna
310 1776 372 1839 erit
391 1775 536 1839 omnium
550 1775 731 1857 venerati03
750 1775 828 1838 deus
847 1775 985 1859 denique
1004 1797 1096 1858 prae-

83 1863 211 1931 sidebit.
254 1861 315 1926 His
339 1863 437 1927 etiam
461 1863 601 1946 laeteris,
626 1862 654 1929 si
672 1862 839 1927 hominem
860 1862 1096 1930 demutaveris?

82 1950 169 2017 Post
191 1952 253 2016 hoc
280 1973 472 2034 responsum
501 1954 533 2014 et
561 1973 688 2015 sacrum
712 1949 896 2015 Alexander
922 1951 1009 2015 haud
1033 1951 1097 2015 ‘dif-

81 2040 167 2105 ficile
195 2041 235 2104 ad
264 2041 440 2105 exercitum
463 2040 551 2105 venit
575 2037 740 2103 Candaces
765 2060 884 2104 corona
907 2043 940 2103 et
962 2039 1096 2124 insigni·
1110 2061 1137 2102 ao

81 2129 144 2192 bus
167 2133 324 2212 comptus.
991 2183 993 2187 ,

171 2214 229 2283 44.
257 2216 417 2301 Eximque
446 2216 487 2281 ad
510 2216 769 2280 Amazonas-ire
796 2215 945 2301 festinat,
973 2216 1013 2280 ad
1063 2221 1149 2280 XXV.
1174 2256 1176 2260 ν

83 2328 164 2389 quas
199 2307 380 2389 praemittit
416 2306 542 2370 litteras
580 2305 613 2368 in
652 2304 738 2369 hunc
774 2304 906 2370 modum
939 2305 1095 2390 scriptas:
1114 2308 1159 2361 ⁶9·

83 2394 264 2460 ‘Victorias
298 2399 428 2460 nostras
459 2398 491 2458 et
521 2395 556 2458 in
586 2393 722 2458 Darium
758 2395 844 2460 bella
883 2395 1030 2480 eximque
1062 2395 1097 2459 in

82 2484 174 2566 alios,
196 2485 231 2548 in
250 2505 468 2568 quoscumque
492 2482 712 2568 militavimus,
736 2484 857 2568 glorias
875 2483 963 2549 haud
982 2484 1095 2549 dubito
1110 2505 1136 2547 as

81 2574 177 2637 vobis
191 2572 297 2636 famae
316 2572 419 2655 ipsius
434 2571 710 2657 magnificentiam
730 2573 979 2637 commendasse.
1009 2573 1096 2639 Nam

81 2665 115 2725 et
135 2661 211 2725 Pori
234 2661 400 2725 fortunam
424 2664 456 2724 et
478 2661 541 2724 iter
559 2664 709 2725 nostrum
732 2661 768 2725 in
787 2661 1033 2744 Oxydracontas
1058 2683 1096 2726 ac

80 2750 283 2835 Bragmanas
307 2750 404 2835 digne
428 2748 528 2814 taceri
551 2770 618 2812 non
642 2749 796 2831 arbitror,
819 2748 854 2812 in
876 2748 939 2813 hoc
961 2749 1096 2813 nomina

174 2930 188 2977 1
206 2923 348 2977 Numnam
362 2925 398 2978 A.
417 2940 474 2978 non
488 2925 519 2978 P.
568 2929 584 2976 2
604 2921 651 2976 dei
669 2922 752 2977 huius
767 2923 802 2975 A.
822 2921 945 2975 numinis
964 2922 1047 2977 huius
1061 2922 1094 2976 P.

79 3001 96 3049 3
122 2995 211 3049 Verba
227 2994 289 3049 ‘sed
303 2995 440 3048 idem—6
454 2994 617 3064 requiritur’
639 3010 689 3048 om.
704 2993 736 3047 P.
781 2998 797 3046 5
817 3008 889 3061 qnae
904 2993 999 3048 addid.
1015 2994 1096 3062 Moi;

79 3067 128 3121 aad
152 3067 226 3121 locus
249 3067 373 3120 condam
395 3071 510 3121 sanatas
533 3073 578 3120 est.
652 3070 667 3118 6
688 3064 863 3119 occasionem
881 3065 940 3118 veri
964 3063 1096 3119 audiendi

79 3139 160 3191 ratus
180 3154 230 3192 om.
253 3137 286 3190 P.
343 3135 489 3207 ildiotumv
504 3137 559 3190 fuit
578 3138 621 3190 est
639 3135 675 3189 A.
709 3134 785 3190 dicit.
809 3137 853 3190 est
874 3136 907 3191 P.
964 3141 998 3190 10
1017 3151 1095 3204 prae-

80 3207 216 3263 scientiae
236 3210 271 3261 A.
341 3212 374 3260 11
394 3207 429 3262 de
447 3208 524 3262 vitae
542 3208 662 3261 termino
681 3206 717 3261 A.
746 3207 871 3261 debitum
889 3205 1041 3260 terminum
1062 3206 1095 3260 P.

81 3284 116 3333 14
135 3280 158 3334 ai
173 3280 205 3333 P.
227 3295 256 3334 se
270 3278 306 3332 A.
345 3283 378 3330 15
397 3278 471 3333 orbis
489 3279 631 3346 tellusque
642 3278 676 3331 P.
729 3283 761 3331 16
781 3279 856 3332 orbis
872 3279 945 3331 Mai.
969 3277 1045 3332 urbis
1059 3278 1094 3332 A.

81 3351 163 3406 nobis
182 3352 215 3406 P.
291 3356 323 3404 18
343 3349 456 3403 laeteris
475 3349 510 3404 A.
540 3349 649 3403 littores
669 3348 700 3402 P.
727 3348 840 3403 homine
859 3350 894 3402 A.

168 3421 216 3476 44.
246 3425 279 3475 25
297 3420 328 3474 in
353 3421 459 3474 addidi.
532 3427 566 3475 26
585 3418 796 3488 magnificentia
821 3421 855 3473 P.
930 3425 964 3472 ai
983 3418 1041 3471 iter
1068 3419 1106 3469 A.

83 3491 159 3546 inter
187 3492 220 3548 P.
256 3490 481 3560 Osyndrecontas
507 3492 545 3547 A.
582 3490 804 3564 symdracontae
829 3492 863 3544 et
886 3487 1066 3542 dracmam
1084 3485 1131 3532 Ὦ.

75 3567 114 3615 28
131 3562 216 3630 digna
235 3562 270 3617 P.
302 3562 421 3617 nomina
436 3567 552 3638 seipsi.
580 3563 704 3624 nomine
726 3563 807 3620 ΑΡ.
