2414 3826
93 173 158 237 106
515 170 626 227 LIBER
643 170 678 225 ll.

93 337 192 402 etiam
224 337 322 417 atque
353 333 531 397 certamine
563 336 634 397 tum
661 331 704 398 ad
730 332 946 399 muleedinem
975 333 1110 399 aurium

92 425 199 491 solitis
213 421 465 506 procurantem
482 421 524 487 ad
538 419 788 489 delectationem
805 422 983 489 obulorum.
1019 421 1054 488 N
1055 444 1111 488 am

92 517 126 579 et
152 511 344 578 fortitudine
370 509 611 575 decertantibus
630 514 674 588 et
701 511 872 594 voluptate
900 532 962 575 sua
990 511 1110 595 suique

92 602 236 686 praemia
259 603 293 663 et
313 599 454 664 honores
477 619 605 664 annuos
629 599 755 663 statuit.

57 713 72 754 ι
182 687 241 754 35.
263 687 407 772 Postque
430 687 519 765 haee,
541 685 628 770 qued
650 707 691 751 ex
711 687 838 753 incerto
859 687 971 772 regiae
990 687 1109 754 insite·
1128 697 1171 751 38.

92 778 193 845 tionis
211 777 305 841 multi
324 776 458 841 vintoris
483 775 627 841 animum
649 774 866 843 formidarent
887 797 990 860 eoque
1012 777 1110 861 vagis

92 867 270 933 terroribus
284 865 496 950 agitarentur,
514 885 580 949 quo
598 867 789 929 aenatorum
805 865 933 931 animos
946 865 1112 949 deliniret,

93 956 190 1021 edicit
207 957 244 1020 in
261 955 371 1037 verba,
392 975 530 1037 quornm
548 952 714 1019 sententia
729 952 810 1019 haee
830 953 909 1019 suita
931 952 1013 1019 ‘nex
1032 953 1111 1020 Ale·

92 1046 223 1128 rander,
237 1044 409 1109 Ammonis
426 1046 462 1107 et
475 1039 681 1126 Olympiadis
693 1040 793 1124 filius,
809 1041 918 1109 Persis
932 1042 1023 1109 dieit.
1056 1043 1111 1111 lla

52 1158 79 1197 ιο
94 1134 233 1218 quidem,
251 1153 333 1216 quae
352 1133 421 1197 iure
435 1132 513 1197 belli
530 1133 699 1195 transaeta
715 1134 802 1214 sunt,
820 1131 945 1196 nullum
959 1131 1110 1214 protecto

94 1223 291 1304 sapientium
303 1224 384 1304 puto
402 1242 462 1303 pro
481 1219 595 1303 eulpae
613 1217 732 1285 merito
744 1223 944 1302 putaturum
970 1219 1109 1285 Etenim

93 1310 155 1375 diis
183 1311 248 1375 ista
275 1309 440 1372 sententia
466 1311 531 1389 est,
559 1328 656 1391 quam
684 1307 818 1393 exsequi
842 1307 1040 1375 mortalibus
1063 1309 1112 1375 sit

93 1419 231 1462 neeesse.
281 1393 388 1470 Quare
413 1396 539 1479 superis
565 1396 696 1481 quidem
720 1395 828 1463 babeo
858 1396 996 1481 gratias,
1025 1396 1110 1462 fevi·

94 1486 221 1550 soribus
240 1484 331 1549 meis.
367 1482 469 1549 Enim
489 1506 577 1550 nune
596 1484 750 1569 quoniam
769 1506 827 1551 vos
846 1506 974 1568 quoque
990 1488 1111 1550 nestra

41 1598 80 1638 ,ιι
95 1595 172 1639 eura
190 1594 261 1637 esse
279 1573 444 1655 coepistis,
467 1572 550 1638 seire
569 1595 706 1658 vesper
727 1577 786 1656 est,
808 1577 958 1658 satrapas
977 1573 1109 1658 quidem

94 1662 280 1746 regionibus
299 1661 504 1745 constitutos,
527 1661 645 1744 quibus
668 1683 707 1726 ex
731 1682 820 1727 more
837 1662 996 1745 parebitis
1018 1663 1110 1729 haud

93 1773 185 1816 secus
203 1754 346 1834 prorsus,
364 1771 403 1815 ao
421 1751 450 1815 si
469 1751 530 1815 sub
545 1749 646 1815 Dario
665 1772 737 1815 mos
755 1755 839 1834 erat3
862 1772 963 1834 eoque
981 1751 1013 1816 id
1033 1773 1112 1816 eon-

93 1839 228 1924 sultasi,
257 1860 298 1904 ne
327 1839 452 1905 ineerta
477 1838 663 1924 regentium
691 1839 877 1905 observatio
904 1841 979 1923 plus
1005 1861 1110 1922 penes

93 1951 152 1995 vos
169 1928 306 1995 haberet
323 1927 508 1995 formidinis
528 1948 626 2011 quam
643 1927 803 1995 veritatis.
841 1925 988 1993 Utemini
1003 1929 1111 2012 igitur
1129 1937 1171 1992 39.

51 2043 81 2083 so
94 2017 223 2103 legibus
246 2018 364 2083 restris
387 2017 511 2102 pariter
532 2038 571 2082 ae
594 2015 747 2082 moribus.
789 2015 880 2081 Idem
903 2016 990 2083 enim
1013 2016 1110 2083 vobis

93 2112 281 2190 conventus,
304 2106 436 2173 eaedem
453 2105 692 2172 sollemnitates
709 2107 744 2169 et
760 2105 887 2188 suaria3
908 2125 969 2170 nee
987 2126 1112 2190 vagum

93 2216 288 2294 qpemquam
316 2217 336 2261 a
363 2195 507 2278 regione·
501 2195 573 2260 ·vel
595 2193 725 2259 sedibus
748 2192 815 2259 suis
838 2193 1006 2259 aberrasse
1028 2215 1110 2296 quo-

93 2283 182 2366 piam
204 2281 403 2364 probaturus
425 2305 511 2365 sum,
538 2283 658 2365 quippe
683 2281 802 2365 quibus
825 2282 1024 2366 patrimonia
1044 2283 1112 2365 pri·

94 2372 171 2434 vata
193 2369 312 2434 hebere
336 2370 553 2470 permiserim,
581 2371 726 2453 exeeptis
748 2391 828 2436 aure
851 2371 975 2473 pariter
1002 2374 1036 2435 et
1059 2393 1113 2437 ar

51 2480 81 2522 as
94 2461 209 2539 gente,
241 2478 325 2540 quae
357 2458 537 2523 eommunis
572 2457 628 2522 hia
658 2480 739 2523 usus
774 2460 881 2545 magis
913 2480 985 2525 esee
1015 2460 1118 2544 regia

93 2545 226 2611 eonfitet
212 2549 275 2611 tur.
319 2544 461 2629 Reliqua
482 2567 560 2611 vero
582 2546 689 2612 omnis
712 2552 860 2631 moneta,
887 2569 968 2632 qnae
992 2548 1111 2632 auique

93 2639 152 2718 est,
173 2634 304 2701 domino
327 2635 543 2719 permittetur.
579 2636 845 2703 Armamentaria
868 2657 947 2702 sans
968 2637 1110 2720 privata,

93 2725 122 2788 si
145 2725 179 2788 in
201 2745 296 2788 usum
319 2724 485 2808 publicum
510 2727 661 2808 satrapae
679 2724 862 2789 necessaria
880 2724 1031 2807 viderint,
1055 2725 1107 2790 his

93 2833 220 2897 quoque
251 2834 307 2878 eos
337 2813 387 2877 uti
416 2816 568 2899 opertere
597 2812 758 2877 mandavi.
813 2814 955 2898 Agmina
984 2813 1109 2897 pariter

51 2923 79 2964 ιο
92 2901 293 2986 peregrinari
328 2902 426 2985 inque
459 2901 567 2968 aliena
597 2900 737 2966 transire
773 2901 1012 2987 interdixerim,
1042 2902 1110 2968 nisi

185 3047 198 3094 1
217 3039 405 3094 mulcedinem
427 3040 457 3096 Τ,
486 3039 664 3094 dnlcedinem
682 3040 718 3093 A
798 3039 1053 3095 2deleotationem
1076 3040 1107 3096 Τ.

93 3109 288 3166 delectationis
306 3109 342 3165 A.

180 3181 229 3237 85.
244 3181 341 3238 serait
329 3181 382 3235 t.P
396 3182 526 3237 baeaom
532 3181 566 3236 Ρ.
596 3187 630 3238 10
635 3180 1107 3262 nullemprefeetosapientiamT.

96 3258 130 3309 lb
147 3252 251 3308 diisT.
280 3268 330 3307 em.
349 3252 424 3307 A.P.
498 3251 657 3322 resapere
678 3252 710 3320 Τ
738 3251 940 3321 superbisA‘
968 3270 1052 3322 super
1073 3254 1107 3308 P.

93 3329 126 3379 21
147 3323 340 3380 solemnitates
354 3323 390 3376 A.
409 3321 579 3380 festivitates
596 3324 630 3378 P.
681 3316 715 3378 23
734 3324 915 3393 prebatueP.
946 3325 1060 3393 privata
1075 3324 1107 3381 Τ.

93 3391 176 3462 priva
194 3396 229 3451 A.
234 3394 269 3449 Ρ.
341 3400 377 3449 24
395 3393 564 3463 permissum
586 3397 629 3450 est
655 3394 685 3451 Τ.
757 3400 792 3449 26
811 3410 883 3462 ques
907 3395 971 3464 cuiq
972 3411 1007 3449 ue
1031 3396 1064 3450 Ρ.
1074 3396 1107 3453 Τ.

92 3465 330 3590 qumeumppeA.
377 3471 411 3519 2⁷
429 3465 604 3535 permittitur
614 3464 701 3522 Μιιι.
747 3471 782 3520 30
800 3465 1016 3536 peregrinariP.
1043 3483 1108 3536 per·

74 3546 207 3597 effluere
