2414 3826
388 171 519 229 OBITUS
538 174 764 230 ALEXANDRI.
1016 176 1079 242 139

65 336 268 422 spectatione
282 335 477 421 pendebant,
491 337 605 420 ecquid
619 338 696 403 novi
710 338 837 404 consilii
851 338 922 424 regi
932 338 1078 406 sedisset.

64 427 216 511 Namque
243 425 281 488 ut
303 444 452 506 egressus
480 429 531 491 est
558 425 673 492 babitu
695 426 900 511 famulantis,
927 429 1078 512 protinus
1097 438 1142 490 51.

63 516 287 581 Ptolomaeus:
311 510 447 597 ‘Cerne'
470 513 590 599 inquit,
613 514 800 601 ‘Antigona
823 516 909 582 bunc
932 515 1079 583 Candau-

64 606 146 669 lem:
168 604 197 668 is
217 600 384 669 candaces
402 603 534 687 reginae
553 605 604 668 est
620 604 716 689 filius,
740 605 795 670 sed
819 605 906 670 enim
925 607 1078 671 iniuriam

64 693 163 758 deflet
186 690 333 776 coniugis
357 694 470 776 raptae
493 714 551 776 per
573 693 781 758 insolentiam
803 695 890 780 regis
908 694 1103 779 Bebryciae

63 781 178 847 Facies
200 780 301 865 igitur
324 779 550 865 obsequenter,
580 781 608 846 si
635 802 696 846 nos
723 782 860 847 consilio
887 783 979 848 iuves
1003 783 1077 848 sub·

62 871 221 953 ieiasque,
244 867 359 951 ecquid
381 890 467 933 nune
490 869 576 934 facto
601 891 683 955 opus
707 891 778 936 esse
802 869 979 938 arbitrere?
1024 870 1076 935 Ad

63 960 146 1024 haec
168 955 366 1022 Alexander:
394 955 556 1041 ‘Dignum
578 961 611 1022 te
636 959 811 1038 sanserit,
837 959 920 1040 rex,'
943 960 1003 1037 ait,
1032 958 1078 1024 ‘si

65 1050 190 1112 armato
219 1045 363 1111 exercitu
390 1046 541 1110 iniuriam
572 1047 727 1132 supplicis
756 1047 914 1112 ulciscare
941 1047 1077 1113 eximas-

63 1157 127 1220 que
150 1135 218 1199 eius
242 1133 401 1212 adfectus,
429 1135 519 1199 euius
547 1135 651 1202 honor
678 1137 776 1201 matri
798 1135 969 1221 proficiat?
1014 1135 1075 1200 His
1091 1155 1116 1196 re

63 1224 237 1309 compertis
257 1220 416 1288 Candauli
433 1224 596 1308 gaudium.
629 1223 692 1290 Sed
709 1224 917 1290 Ptolomaeus
937 1225 1077 1290 adhaec

61 1311 244 1398 respondit:
274 1309 406 1397 ‘Erga'
429 1313 549 1397 inquit,
573 1312 759 1399 ‘Antigona
782 1335 956 1398 exsequere
979 1313 1075 1396 istud,

62 1403 148 1487 quod
185 1401 365 1483 subiecisti,
406 1402 579 1467 consilium
616 1406 712 1486 atque
751 1404 927 1471 exercitum
967 1401 1075 1487 para'

62 1491 213 1556 ‘Faciam
245 1488 355 1572 sane,’
393 1491 561 1573 respondit
592 1490 789 1575 Alexander3
823 1491 898 1557 ‘sed
931 1495 1018 1558 enim
1054 1495 1116 1551 XX·

61 1579 266 1646 commodum
296 1581 347 1643 est
371 1578 470 1663 mihi,
501 1601 572 1663 rex,
604 1579 646 1643 ad
674 1581 859 1666 consilium,
889 1582 976 1665 quod
1000 1581 1115 1646 sub-1⁵

61 1671 176 1750 iecero,
202 1666 321 1731 bellum
346 1667 435 1731 istud
458 1666 572 1731 inferri
594 1667 776 1752 Bebryeum
800 1670 870 1754 regi
893 1692 949 1735 seu
972 1691 1074 1756 regno

60 1779 130 1822 non
153 1756 204 1820 die
226 1760 325 1838 teste3
352 1777 456 1840 neque
480 1757 566 1820 enim
590 1756 718 1821 animus
741 1758 874 1822 barbari
896 1759 1075 1841 improvisa

61 1844 232 1910 formidine
264 1845 420 1909 incitatus
453 1845 493 1909 ab
525 1845 750 1910 interfectione
782 1849 896 1929 raptae
928 1847 1073 1911 mulieris

60 1934 268 2017 temperabit.
314 1931 388 1997 Erit
414 1954 490 1997 vero
518 1933 641 1998 frustra
669 1955 765 2018 opem
794 1934 931 2018 supplici
958 1955 1074 2017 procu·

59 2045 147 2106 rare,
177 2023 205 2087 si
234 2021 487 2086 emolumentum
517 2022 671 2087 victoriae
703 2022 874 2088 dilabatur.
922 2022 1012 2105 Ergo
1045 2022 1072 2086 si
1085 2039 1112 2080 ae

59 2113 177 2196 placet,
200 2133 265 2176 nox
284 2109 364 2174 belli
380 2113 510 2194 tempus
534 2114 566 2174 et
585 2115 798 2194 superventus
817 2110 974 2176 eiusmodi
998 2132 1073 2176 con·

60 2202 217 2266 firmetur.
262 2197 328 2263 Ubi
353 2199 440 2263 enim
461 2198 602 2263 flammis
625 2199 781 2264 immissis
805 2201 911 2265 noetis
935 2199 1072 2266 obscuro

58 2289 185 2355 turbari
208 2287 324 2353 civitas
344 2288 495 2371 coeperit,
519 2287 727 2371 adquiescent
750 2288 993 2354 condicionibus
1016 2309 1072 2355 no-

60 2379 137 2443 stris
167 2376 323 2442 facillime
355 2376 421 2440 iam
452 2377 619 2461 praeventi
655 2382 814 2463 raptaque
852 2378 948 2445 nobis
985 2376 1072 2444 baud

59 2466 190 2532 difficile
213 2464 522 2549 repraesentabunt?
1086 2482 1112 2524 25

150 2554 209 2620 32.
241 2553 331 2619 Haec
359 2575 432 2618 eum
459 2555 595 2620 dixisset
618 2559 651 2621 et
673 2553 860 2640 Antigonus
888 2556 1072 2621 crederetur
1091 2561 1135 2613 52.

59 2667 80 2709 a
103 2643 259 2728 supplice,
282 2643 453 2728 procidens
473 2644 541 2708 eius
561 2644 601 2708 ad
624 2664 731 2727 genua
750 2643 930 2709 Candaules
954 2645 1072 2722 ‘Quam

57 2731 203 2815 vellem,'
234 2731 293 2815 ait,
323 2731 376 2796 ‘tu
405 2732 461 2796 ille
488 2732 673 2797 Alexander
699 2732 786 2796 fores
816 2754 888 2797 cum
916 2732 978 2797 hac
1004 2737 1072 2812 tua,

58 2819 236 2905 Antigone,
259 2820 433 2904 sapientiai
461 2842 526 2886 non
551 2821 637 2884 enim
662 2820 815 2902 armigeri
837 2842 953 2905 parum
976 2820 1071 2885 nobis

56 3118 156 3172 sistam
170 3118 205 3175 A.
225 3119 392 3173 existentem
407 3117 438 3172 P.
467 3125 496 3177 ,1
516 3117 586 3188 regii
601 3117 637 3174 A.
674 3123 691 3171 ὁ
709 3116 831 3172 bebricia
844 3118 881 3172 A.
900 3116 1020 3173 bebricia
1036 3116 1070 3171 P.

58 3196 73 3243 7
95 3207 165 3259 opus
184 3192 228 3245 est
245 3191 280 3245 P.
322 3195 356 3245 10
374 3187 491 3244 affectus
510 3189 543 3244 P.
569 3189 770 3243 adinterfeetus
788 3189 825 3244 A.
867 3195 899 3243 12
920 3203 1071 3257 exsequere

59 3261 135 3317 Mai.
159 3260 272 3328 exquire
290 3259 326 3314 A.
350 3259 451 3328 exequi
470 3259 505 3315 P.
553 3264 586 3315 16
606 3261 650 3314 est
667 3277 718 3315 em.
736 3261 770 3316 P.
819 3264 853 3315 16
873 3260 1017 3315 bebricum
1035 3257 1070 3314 A.

56 3331 174 3387 hebrico
196 3331 229 3386 P.
317 3335 350 3385 18
368 3329 563 3386 interfectione
587 3331 784 3400 Laadqrafiaa.
817 3329 969 3386 infectione
993 3330 1029 3383 A.
1037 3329 1071 3385 P.

57 3408 91 3457 21
111 3416 167 3456 nox
184 3401 220 3456 A.
249 3418 315 3458 mox
334 3401 368 3456 P.
441 3406 476 3456 23
494 3400 658 3469 adquiescet
677 3401 712 3455 P.

149 3471 199 3598 ἐξ.
232 3478 266 3528 26
287 3473 448 3528 crederetur
466 3472 497 3526 P.
524 3471 748 3528 consideraretur
769 3472 806 3527 A.
875 3475 916 3525 ‘at
931 3470 981 3522 sixt.
991 3471 1091 3519 lost,

56 3560 93 3598 an
112 3546 141 3598 tu
