2414 3826
128 157 193 221 216
248 156 428 213 EPISTOLA
446 155 661 212 ALEXANDRI
679 157 729 210 AD
749 154 1019 212 ARISTOTELEM.

128 321 215 405 quod
239 320 427 403 suspicaris,
452 341 518 385 uon
541 341 619 384 auro
642 340 746 403 neque
770 321 920 404 argento,
947 340 1054 403 neque
1077 321 1147 385 ullo

128 409 277 492 metallo,
304 407 361 472 sed
383 429 515 474 veneno.
560 407 666 471 Mater
688 412 745 472 tua
767 408 958 491 turpissimo
988 431 1027 472 ac
1050 410 1145 474 mise·

129 496 231 562 raudo
252 495 442 581 quandoque
463 497 551 560 exitu
569 496 732 579 insepulta
750 497 870 561 iacebit
888 497 923 561 in
941 497 1006 580 via,
1025 499 1147 580 praeda

128 587 237 650 avium
260 586 473 669 ferarumque.
520 583 651 650 Sorores
674 588 750 649 tuae
773 585 883 649 felices
908 584 962 649 diu
988 591 1086 650 erunt
1111 591 1149 651 ut

102 677 165 738 stu
187 673 302 738 factae.
344 673 393 738 Tu
420 674 506 737 enim
530 673 593 736 etsi
615 674 713 737 breve
742 677 890 756 superest
916 677 1064 760 tempus,
1092 675 1146 739 do-

129 764 237 826 minus
265 767 375 827 tamen
403 762 491 826 orbis
513 765 674 826 terrarum
698 762 772 827 eris.
817 760 914 826 Nunc
937 763 1036 827 modo
1062 785 1147 846 cave,

129 874 169 915 ne
198 873 258 915 nos
286 851 421 914 ulterius
447 850 630 915 scisciteris.
676 849 816 914 Proinde
844 850 959 915 excede
987 852 1148 916 terminos

128 941 194 1005 luci
212 940 317 1004 nostri
340 943 373 1003 et
396 938 437 1003 ad
456 938 635 1003 Phasiacen
653 938 837 1022 Porumquc
861 939 1047 1004 revertere.'
1085 939 1146 1004 Sed

129 1033 162 1092 et
185 1028 334 1093 sacerdos
358 1027 573 1112 commonuit,
595 1031 632 1090 ut
654 1049 856 1111 pareremus,
879 1026 987 1092 dicens
1012 1028 1093 1094 fletu
1115 1032 1148 1093 et

91 1138 116 1177 ιο
131 1118 257 1182 ululatu
280 1121 392 1182 nostro
417 1139 533 1197 sacras¹
550 1117 682 1181 arbores
706 1116 833 1180 offendi.
875 1115 968 1181 Tunc
991 1138 1054 1202 ego
1075 1139 1145 1182 con·

129 1207 273 1270 tionatus
299 1206 338 1269 ad
362 1205 532 1269 universos
555 1205 676 1268 milites
700 1204 775 1288 dixi,
798 1207 836 1268 ut
853 1205 974 1270 Porum
999 1205 1042 1269 ad
1064 1205 1147 1270 Pha·

131 1295 239 1358 siacen
262 1316 302 1357 ex
324 1315 479 1376 responso
503 1297 736 1378 repeteremus,
764 1292 850 1376 quod
878 1293 974 1358 nobis
1002 1293 1146 1359 faustum

129 1382 269 1465 felixque
288 1381 433 1444 futurum
453 1384 546 1444 esset.
587 1380 637 1444 De
655 1386 801 1464 tempore
821 1385 930 1446 autem
951 1382 1038 1446 vitae
1057 1405 1147 1448 meac

130 1469 255 1552 reticui,
277 1490 318 1532 ne
342 1492 361 1532 a
381 1468 687 1533 commilitatoribus
707 1475 787 1535 meis
807 1469 952 1535 deductis
976 1471 1011 1535 in
1037 1471 1147 1555 despe-

90 1577 116 1618 ro
129 1557 291 1621 rationem
314 1557 349 1619 in
373 1557 562 1641 alienigenis
581 1558 773 1622 destituerer
795 1558 886 1641 locis,
909 1561 942 1622 et
966 1581 1021 1623 eas
1042 1581 1147 1644 voces,

131 1667 211 1729 quas
231 1667 270 1708 ex
287 1646 454 1728 responsis
474 1668 539 1710 una
553 1667 678 1711 mecum
693 1647 871 1730 audierant,
889 1668 929 1711 nc
941 1649 1146 1730 divalparcnt,

128 1738 292 1811 coccruat;
326 1735 381 1819 qui
409 1735 461 1798 his
490 1735 676 1800 nominibus
708 1735 928 1818 appellantur:
961 1733 1147 1819 Sermitiom

130 1823 290 1887 Praesidis
313 1823 413 1907 filius,
439 1828 471 1887 et
493 1823 688 1889 Nestorinus
712 1827 745 1888 et
767 1824 957 1889 Timotheus
981 1828 1014 1888 et
1038 1825 1149 1890 Lacon

130 1916 163 1976 et
186 1911 391 1996 Thrasyleon
419 1916 452 1976 et
474 1911 619 1976 Declitus
649 1915 682 1975 et
704 1910 866 1977 Machaon
893 1916 927 1976 et
949 1911 1092 1978 Onooles
1117 1918 1148 1978 et

91 2021 117 2061 ao
132 2000 259 2066 Silbrus
284 2004 316 2065 et
336 1999 504 2065 Sunsiclus
530 2005 562 2065 et
580 1999 750 2065 Perdiccas
774 2004 807 2064 et
825 2001 973 2066 Philotas
998 2005 1032 2066 et
1056 2025 1149 2086 prae·

130 2089 233 2155 fectus
252 2090 409 2172 praetorii
428 2088 590 2153 Diarotas.
628 2087 689 2153 Sed
709 2089 848 2174 silentio,
867 2111 948 2173 quae
968 2090 1149 2176 audierant,

131 2199 170 2242 ex
194 2199 252 2243 sua
276 2178 338 2241 fide
362 2181 395 2241 et
417 2199 489 2242 meo
513 2177 670 2260 tegebant
693 2178 838 2243 consilio.

223 2321 239 2368 3
259 2315 426 2382 quandoque
440 2332 491 2369 om.
506 2316 545 2369 H.
582 2315 725 2385 insepulta
743 2317 858 2387 iacebit]
874 2315 1020 2386 sepultura
1039 2319 1149 2374 carebit

132 2384 292 2451 iacobitque
303 2385 342 2439 H.
397 2385 554 2441 401100.
574 2393 686 2442 000001.
742 2387 958 2442 isuscitcrisO.
987 2389 1107 2457 proinde
1119 2389 1147 2445 O.

131 2455 263 2508 inderet.
344 2460 359 2508 9
379 2454 505 2509 amonuit
523 2457 592 2512 oaV.
630 2459 680 2512 sed
699 2458 727 2512 st
745 2457 855 2512 monuit
874 2459 1015 2528 sacerdos,
1034 2463 1067 2514 ut
1084 2477 1148 2530 per·

131 2541 270 2596 geremus,
288 2524 386 2578 fletum
406 2528 434 2580 et
453 2526 592 2581 ululatum
606 2531 733 2583 nostrum
748 2545 839 2582 sacras
858 2531 972 2584 arbores
991 2531 1088 2586 dicens
1107 2532 1149 2587 of·

130 2594 254 2651 tendisse
264 2596 303 2649 H.
350 2604 382 2651 10
402 2596 579 2651 contionatus
591 2599 620 2653 0.
640 2599 819 2654 continuatus
829 2601 904 2653 raH.
924 2601 1104 2657 continuatos
1115 2603 1147 2659 V.

133 2673 165 2720 11
186 2666 235 2738 ad]
256 2671 284 2722 et
302 2667 341 2723 H.
379 2668 595 2737 Fasciacemque
614 2670 646 2724 V.
725 2677 757 2724 13
778 2685 837 2725 esse
857 2672 942 2728 M.B.
981 2675 1077 2728 autem
1096 2689 1147 2730 om.

132 2739 246 2793 oaVH.
341 2746 374 2792 14
393 2739 494 2793 reticui
514 2757 564 2795 cm.
584 2740 698 2796 u.V.H.
727 2741 855 2796 deductis
877 2741 904 2796 O.
932 2742 1041 2796 reditus
1059 2743 1146 2800 HM.

132 2809 258 2863 redditus
277 2810 439 2865 B.G.V.H.
478 2817 511 2864 15
531 2811 629 2865 alienis
646 2810 674 2865 0.
707 2811 876 2866 destituerer
887 2812 919 2869 V.
939 2815 1098 2869 destruerat
1116 2836 1146 2870 ω.

134 2879 274 2934 desererer
294 2880 323 2936 0.
348 2881 459 2935 deserer
479 2881 513 2935 P.
537 2882 710 2950 dirumpsrer
723 2883 761 2937 H.
851 2888 884 2937 1o
904 2901 939 2938 ne
958 2883 1147 2955 divulgarent,

131 2953 271 3005 voverunt
292 2951 323 3005 V.
350 2968 400 3006 cm.
428 2957 473 3006 cet.
577 2958 609 3005 11
637 2952 773 3008 sermiton
800 2952 835 3008 G.
861 2954 1011 3010 sermicion
1034 2955 1071 3011 Β.
1079 2956 1109 3011 V.
1117 2956 1146 3012 0.

134 3026 166 3075 18
190 3022 327 3090 praesidis
355 3023 387 3076 P.
422 3023 567 3091 praesidas
596 3024 631 3078 B.
664 3023 796 3093 praesitis
824 3029 871 3080 cet.
898 3027 1069 3094 protesilaus
1093 3043 1148 3098 pro

131 3091 270 3160 praesidis
294 3092 368 3146 filius
388 3093 427 3146 H
465 3092 624 3147 nestorinus
648 3094 680 3149 V.
706 3095 859 3150 mistorinis
879 3117 909 3150 ω.
934 3098 1097 3152 nustorinus
1117 3098 1146 3153 O.

130 3162 278 3217 mistomus
296 3163 336 3216 H.
373 3164 508 3218 timothea
525 3165 648 3220 G.B.M.
671 3166 815 3235 thymotes
833 3166 865 3221 V.
944 3173 977 3221 19
996 3169 1148 3224 trascileon

134 3234 208 3288 GL.
227 3233 381 3287 transileon
394 3235 425 3288 V.
445 3235 586 3289 traseleon
599 3236 638 3291 H.
658 3237 808 3292 trasicleon
822 3243 868 3292 cet.
910 3237 1031 3293 declitus
1043 3239 1081 3293 B.
1101 3240 1148 3295 de·

130 3303 222 3371 clytus
245 3304 277 3358 P.
304 3305 414 3358 deditus
438 3312 486 3359 cot.
536 3307 675 3361 machaon
699 3308 728 3362 O.
754 3308 874 3362 machon
896 3310 952 3363 sice
974 3325 1077 3364 macen
1100 3316 1148 3366 cet.

130 3373 263 3428 honocles
283 3374 311 3430 O.
336 3375 441 3429 erocles
460 3377 500 3430 H.
578 3383 612 3430 20
632 3377 752 3433 simbrus
771 3379 811 3433 H.
849 3378 985 3434 suudidus
1003 3380 1040 3436 L.
1066 3382 1149 3438 sinsi-

131 3444 190 3496 clus
211 3443 239 3499 0.
276 3447 391 3515 perdica
410 3448 488 3502 GH.
511 3447 655 3516 perdicam
678 3455 724 3504 cet.
761 3451 872 3518 philota
893 3451 926 3505 G.
949 3451 1091 3520 phylaton
1115 3454 1154 3510 V.-

117 3513 268 3582 philoctas
286 3517 327 3573 H.
349 3516 495 3589 philetam
513 3524 563 3576 cet.
633 3525 672 3574 11
690 3519 803 3574 dissuta
819 3522 857 3574 (1,
877 3522 1009 3575 soraadas
1027 3523 1067 3581 Η,
