2414 3826
397 179 515 235 Oaros
534 177 757 235 ALEXANDRI.
1039 180 1082 244 23

64 342 240 427 Philippus
273 341 498 426 oppressisset.
553 342 676 427 Igitur
694 345 767 407 astu
804 365 838 407 se
875 343 975 408 dabat
1008 341 1081 408 Ale·

66 432 189 496 xander
212 453 232 495 a
254 429 391 496 Nicolao
415 431 594 514 praeteriri.
641 431 767 515 Quippe
795 432 861 495 iam
884 432 996 515 ceteri,
1026 433 1081 516 qui

67 542 164 585 eursu
186 521 433 604 praevenerant,
461 519 545 584 alius
569 519 633 585 alio
658 541 733 585 casu
756 521 917 605 prolapsi,
940 522 1080 604 primam

65 630 159 691 spem
189 608 367 692 potiundae
397 608 527 691 palmae
559 607 696 674 Nicolao
729 608 859 676 dabant.
913 609 974 685 Qui
1007 631 1080 674 oum

64 698 163 761 finem
187 697 372 762 certaminis
395 696 462 761 iam
486 700 657 781 sperasset,
681 697 780 762 infert
803 720 872 762 sese
894 696 1106 762 Alexanders

64 789 144 851 roto
167 785 437 869 praeterlabendi.
482 785 535 849 Ad
558 786 643 850 hunc
667 789 820 851 conatum
842 787 932 871 equis
951 785 1080 852 Nicolai

65 873 331 938 convertentibus
355 873 501 938 titubans
528 873 638 938 dexter
666 895 683 938 e
712 874 825 939 mediis
849 876 1079 959 cernuantique
1117 889 1121 895 ’

65 963 244 1047 persimilis
274 963 456 1045 implicatos
484 963 626 1046 reliquos
650 983 758 1026 secum
782 967 935 1028 moratur.
981 962 1080 1028 Enim

64 1055 143 1116 tunc
171 1051 355 1116 Alexander
385 1051 514 1115 subiens
544 1053 746 1134 praeteraoto
777 1051 994 1135 prolapsoque
1022 1050 1079 1115 Ni·

63 1141 157 1205 colao
177 1143 384 1223 supervectus
402 1161 472 1204 rem
491 1140 570 1204 belli
589 1140 648 1204 sub
669 1139 775 1204 stadio
789 1139 960 1222 transegit.
992 1139 1077 1204 Exin
1093 1162 1118 1202 ro

62 1227 169 1293 victor
198 1250 316 1293 corona
345 1227 513 1292 redimitus
545 1250 676 1293 escenso
707 1229 831 1312 templo
866 1249 939 1292 oum
968 1227 1079 1292 Iovem

64 1315 253 1400 Olympium
283 1316 452 1401 salutaret,
482 1317 708 1382 aestimatione
736 1318 782 1381 rei
810 1320 920 1402 gestas
949 1320 1006 1382 aut
1032 1317 1078 1381 in·

62 1405 187 1469 stinctu
218 1404 268 1469 dei
298 1404 499 1470 sacerdotem
523 1405 633 1469 ferunt
661 1407 707 1470 sic
730 1405 895 1470 fortunam
922 1405 1078 1471 victoriae

62 1493 329 1579 interpretatum,
362 1496 399 1558 ut
434 1493 518 1576 quod
552 1494 658 1577 primo
694 1495 868 1559 certamine
904 1493 1077 1560 Nicolaum

61 1582 221 1666 vicisset,‘
239 1585 324 1646 esset
349 1583 412 1646 sibi
436 1583 650 1665 coniecturae,
676 1583 830 1666 perfacile
858 1583 978 1648 multos
1003 1605 1076 1648 eum
1092 1602 1117 1646 rs

63 1671 201 1754 populos
216 1671 414 1735 vinciturum
432 1671 715 1754 universitatisque
731 1671 874 1738 dominio
888 1672 1078 1756 potiturum.

156 1757 215 1824 13.
252 1757 350 1824 Hisce
379 1779 456 1844 ergo
485 1760 591 1824 omino
620 1764 718 1843 atque
745 1761 872 1825 laetitia
900 1762 1008 1826 ovans
1029 1782 1077 1824 re·
1096 1765 1156 1825 XX.

63 1847 187 1931 patriat
215 1846 450 1913 Macedoniam.
503 1845 565 1913 Sed
599 1848 733 1914 offendit
761 1849 845 1913 forte
878 1871 918 1913 ex
947 1849 1078 1914 licentia
1096 1843 1122 1893 4.

61 1936 153 2021 regia
178 1939 287 2018 spreto
312 1936 476 2002 consortio
502 1935 704 2020 Olympiadis
728 1936 915 2020 Philippum
943 1940 1020 2001 tunc
1043 1937 1078 1999 in

62 2022 256 2108 Cleopatrae
278 2025 409 2109 nuptias
433 2025 669 2106 demutantem,
692 2022 799 2088 Attali
823 2023 989 2088 cuiusdam
1011 2045 1078 2089 non
1091 2049 1117 2088 ao

61 2114 217 2198 ignobilis
245 2113 341 2177 filiae.
391 2113 453 2177 Die
481 2113 582 2197 igitur
611 2112 799 2196 nuptiarum
827 2112 958 2176 inruens
988 2114 1076 2197 regis

61 2202 241 2267 triclinium
267 2207 440 2267 coronatus
465 2198 599 2285 ‘Sume’
623 2202 740 2285 inquit,
763 2199 860 2266 ‘hunc
882 2201 1033 2285 primum,
1057 2224 1076 2267 o

60 2294 166 2374 pater,
189 2290 310 2354 laboris
335 2291 398 2354 mei
416 2288 579 2374 fructum‚'
603 2294 636 2355 et
658 2312 722 2355 una
747 2312 903 2356 coronam
926 2291 960 2355 in
979 2295 1077 2374 caput

61 2379 166 2464 patris
190 2379 369 2444 transtulit.
406 2379 488 2443 Tum
507 2379 639 2444 adiecit:
663 2377 807 2445 ‘Gaudeo
830 2379 969 2465 quidem,
991 2381 1077 2464 quod

60 2468 95 2531 iu
119 2468 284 2552 praesenti
307 2469 485 2552 laetamini3
515 2471 548 2531 et
576 2490 635 2555 ego
664 2491 737 2534 oum
765 2473 903 2533 matrem
930 2470 1003 2533 aliis
1026 2491 1074 2534 re·
1089 2489 1115 2530 as

61 2557 193 2640 galibus
211 2556 333 2640 nuptiis
352 2556 544 2642 coniugato,
562 2579 619 2622 vos
634 2578 762 2641 quoque
775 2557 980 2642 participabo
1000 2578 1076 2622 eon-

153 2843 165 2892 1
187 2852 216 2890 se
235 2834 334 2903 dabat,
353 2853 487 2906 superscr.
507 2835 553 2892 vel
572 2836 695 2892 dedebat
712 2838 747 2892 A.
780 2835 897 2890 sedebat
915 2836 949 2892 P.
978 2852 1074 2890 conoe-

60 2907 147 2963 dobat
165 2907 267 2962 Eberb.
310 2913 430 2962 2aom.
450 2913 478 2961 ’1.
511 2907 659 2976 praeteriit
679 2908 712 2962 P.
751 2906 858 2961 telius
876 2912 903 2960 ’1.
931 2905 981 2960 alii
1000 2907 1073 2962 A.P.

62 2985 77 3034 1
97 2978 325 3034 convertentibus
348 2980 417 3034 M.
450 2977 679 3033 concurrentibus
697 2979 731 3033 P.
769 2977 900 3032 dexteras
924 2975 1018 3031 medio
1037 2978 1074 3032 A.

60 3048 311 3119 8implicatosque
333 3049 366 3105 P.
421 3048 569 3104 9subiens
588 3050 655 3104 r.P.
682 3048 821 3104 subiciens
839 3049 874 3103 A
927 3054 960 3103 10
979 3064 1075 3118 super-

58 3123 142 3176 reetu
162 3121 194 3175 Τ.
240 3126 272 3174 11
292 3121 326 3174 ab
348 3120 485 3175 ‘escenso’
506 3122 645 3190 usquead
665 3125 697 3175 17
719 3119 852 3175 ‘laetitia'
873 3120 971 3174 deserat
988 3120 1021 3173 ia
1040 3119 1075 3172 P.

61 3196 94 3246 15
114 3191 292 3247 coniecturae
317 3191 391 3248 Mai.
415 3196 440 3245 et
460 3191 491 3245 Τ.
514 3197 547 3246 ct
569 3192 691 3257 videtum
716 3192 873 3261 cognitum,
897 3192 929 3245 ia
951 3191 1076 3260 marpissa

59 3264 230 3333 adscriptum
248 3262 294 3316 vel
313 3261 511 3316 coniuncturae
530 3262 565 3318 A.

151 3333 198 3388 13.
226 3339 259 3387 19
279 3333 419 3388 consortio
441 3333 472 3387 Τ,
506 3332 625 3387 consilio
644 3331 719 3388 P.A.
757 3333 788 3386 irr
805 3331 930 3403 marpioe
948 3332 1005 3386 cod.
1024 3332 1075 3385 Α..-

58 3404 106 3460 vol
130 3405 269 3472 coniugio.
349 3410 384 3458 20
407 3402 498 3457 Attali
522 3405 582 3458 Mr.
615 3402 700 3471 Apali
725 3402 795 3458 T.P.
829 3402 1015 3456 alieuiusdam
1038 3403 1075 3456 A.

59 3475 187 3531 21filiae
207 3476 242 3531 A.
274 3473 396 3530 feminae
413 3474 447 3530 P.
556 3479 592 3531 23
609 3491 669 3532 una
689 3474 765 3531 Mol.
796 3490 887 3529 uuam
907 3474 945 3529 A.
971 3489 1035 3526 uus
1051 3473 1096 3523 P.

54 3551 90 3598 21
103 3547 216 3613 gaudeo
235 3543 349 3612 quidem
368 3547 405 3604 A.
435 3564 505 3604 nam
525 3549 562 3607 de
583 3567 616 3609 eo
638 3548 761 3624 quidem
776 3548 852 3607 ’1,1).
895 3551 938 3602 ‘ab
955 3544 1058 3601 matra
1073 3538 1126 3593 Y.
