<?xml version="1.0" encoding="UTF-8"?>
<!DOCTYPE html PUBLIC "-//W3C//DTD XHTML 1.0 Transitional//EN"
    "http://www.w3.org/TR/xhtml1/DTD/xhtml1-transitional.dtd">
<html xmlns="http://www.w3.org/1999/xhtml" xml:lang="en" lang="en">
 <head>
  <title>
</title>
<meta http-equiv="Content-Type" content="text/html;charset=utf-8" />
  <meta name='ocr-system' content='tesseract 3.04.00' />
  <meta name='ocr-capabilities' content='ocr_page ocr_carea ocr_par ocr_line ocrx_word'/>
</head>
<body>
  <div class='ocr_page' id='page_1' title='image "./iulivalerialexa00valegoog_0086.png"; bbox 0 0 2414 3826; ppageno 0'>
   <div class='ocr_carea' id='block_1_1' title="bbox 403 175 1084 242">
    <p class='ocr_par' dir='ltr' id='par_1_1' title="bbox 403 175 1084 242">
     <span class='ocr_line' id='line_1_1' title="bbox 403 175 1084 242; baseline -0.001 -10"><span class='ocrx_word' id='word_1_1' title='bbox 403 176 521 232; x_wconf 86' lang='lat' dir='ltr'>ORTUS</span> <span class='ocrx_word' id='word_1_2' title='bbox 539 175 760 232; x_wconf 75' lang='lat' dir='ltr'><strong>ALEXANDRI.</strong></span> <span class='ocrx_word' id='word_1_3' title='bbox 1041 178 1084 242; x_wconf 88' lang='lat'>49</span> 
     </span>
    </p>
   </div>
   <div class='ocr_carea' id='block_1_2' title="bbox 72 339 1152 2903">
    <p class='ocr_par' dir='ltr' id='par_1_2' title="bbox 72 339 1152 2903">
     <span class='ocr_line' id='line_1_2' title="bbox 74 339 1085 424; baseline -0.001 -19"><span class='ocrx_word' id='word_1_4' title='bbox 74 364 93 405; x_wconf 90' lang='lat' dir='ltr'>a</span> <span class='ocrx_word' id='word_1_5' title='bbox 122 361 192 405; x_wconf 89' lang='lat' dir='ltr'>sese</span> <span class='ocrx_word' id='word_1_6' title='bbox 216 340 348 405; x_wconf 87' lang='lat' dir='ltr'>barbari</span> <span class='ocrx_word' id='word_1_7' title='bbox 376 339 582 405; x_wconf 81' lang='lat' dir='ltr'>defensarent</span> <span class='ocrx_word' id='word_1_8' title='bbox 610 360 648 405; x_wconf 84' lang='lat' dir='ltr'>ao</span> <span class='ocrx_word' id='word_1_9' title='bbox 675 339 724 404; x_wconf 90' lang='lat' dir='ltr'>ius</span> <span class='ocrx_word' id='word_1_10' title='bbox 751 340 926 424; x_wconf 77' lang='lat' dir='ltr'>legationis</span> <span class='ocrx_word' id='word_1_11' title='bbox 949 342 1085 406; x_wconf 88' lang='lat' dir='ltr'>inteme-</span> 
     </span>
     <span class='ocr_line' id='line_1_3' title="bbox 72 426 1085 513; baseline 0.001 -20"><span class='ocrx_word' id='word_1_12' title='bbox 72 433 183 494; x_wconf 83' lang='lat' dir='ltr'>ratum</span> <span class='ocrx_word' id='word_1_13' title='bbox 207 428 269 492; x_wconf 92' lang='lat' dir='ltr'>sibi</span> <span class='ocrx_word' id='word_1_14' title='bbox 293 429 428 512; x_wconf 86' lang='lat' dir='ltr'>vellent,</span> <span class='ocrx_word' id='word_1_15' title='bbox 453 426 568 512; x_wconf 73' lang='lat' dir='ltr'>‘N0n,&#39;</span> <span class='ocrx_word' id='word_1_16' title='bbox 592 428 697 512; x_wconf 88' lang='lat' dir='ltr'>inquit</span> <span class='ocrx_word' id='word_1_17' title='bbox 719 427 917 513; x_wconf 82' lang='lat' dir='ltr'>Alexander,</span> <span class='ocrx_word' id='word_1_18' title='bbox 940 428 991 494; x_wconf 79' lang='lat' dir='ltr'>‘ex</span> <span class='ocrx_word' id='word_1_19' title='bbox 1014 452 1085 495; x_wconf 90' lang='lat' dir='ltr'>sen·</span> 
     </span>
     <span class='ocr_line' id='line_1_4' title="bbox 74 515 1086 603; baseline 0 -21"><span class='ocrx_word' id='word_1_20' title='bbox 74 518 180 584; x_wconf 87' lang='lat' dir='ltr'>tentia</span> <span class='ocrx_word' id='word_1_21' title='bbox 210 517 262 582; x_wconf 84' lang='lat' dir='ltr'>vel</span> <span class='ocrx_word' id='word_1_22' title='bbox 291 517 436 581; x_wconf 91' lang='lat' dir='ltr'>moribus</span> <span class='ocrx_word' id='word_1_23' title='bbox 466 516 546 580; x_wconf 88' lang='lat' dir='ltr'>meis</span> <span class='ocrx_word' id='word_1_24' title='bbox 577 519 627 581; x_wconf 86' lang='lat' dir='ltr'>est</span> <span class='ocrx_word' id='word_1_25' title='bbox 656 515 763 581; x_wconf 85' lang='lat' dir='ltr'>forma</span> <span class='ocrx_word' id='word_1_26' title='bbox 789 518 968 603; x_wconf 79' lang='lat' dir='ltr'>praecepti3</span> <span class='ocrx_word' id='word_1_27' title='bbox 999 519 1086 583; x_wconf 91' lang='lat' dir='ltr'>enim</span> 
     </span>
     <span class='ocr_line' id='line_1_5' title="bbox 74 604 1085 692; baseline 0.001 -21"><span class='ocrx_word' id='word_1_28' title='bbox 74 606 230 691; x_wconf 85' lang='lat' dir='ltr'>quoniam</span> <span class='ocrx_word' id='word_1_29' title='bbox 252 609 289 669; x_wconf 90' lang='lat' dir='ltr'>ut</span> <span class='ocrx_word' id='word_1_30' title='bbox 313 604 354 669; x_wconf 91' lang='lat' dir='ltr'>ad</span> <span class='ocrx_word' id='word_1_31' title='bbox 372 606 532 670; x_wconf 87' lang='lat' dir='ltr'>latronem</span> <span class='ocrx_word' id='word_1_32' title='bbox 556 627 575 670; x_wconf 90' lang='lat' dir='ltr'>a</span> <span class='ocrx_word' id='word_1_33' title='bbox 598 605 691 670; x_wconf 85' lang='lat' dir='ltr'>vobis</span> <span class='ocrx_word' id='word_1_34' title='bbox 714 606 778 670; x_wconf 89' lang='lat' dir='ltr'>ista</span> <span class='ocrx_word' id='word_1_35' title='bbox 797 612 946 691; x_wconf 78' lang='lat' dir='ltr'>suscepta</span> <span class='ocrx_word' id='word_1_36' title='bbox 964 608 1085 692; x_wconf 86' lang='lat' dir='ltr'>legatio</span> 
     </span>
     <span class='ocr_line' id='line_1_6' title="bbox 75 693 1119 780; baseline -0.002 -20"><span class='ocrx_word' id='word_1_37' title='bbox 75 700 142 780; x_wconf 86' lang='lat' dir='ltr'>est,</span> <span class='ocrx_word' id='word_1_38' title='bbox 173 695 222 759; x_wconf 91' lang='lat' dir='ltr'>uti</span> <span class='ocrx_word' id='word_1_39' title='bbox 251 694 388 771; x_wconf 84' lang='lat' dir='ltr'>latronis</span> <span class='ocrx_word' id='word_1_40' title='bbox 421 694 519 758; x_wconf 88' lang='lat' dir='ltr'>etiam</span> <span class='ocrx_word' id='word_1_41' title='bbox 549 693 784 759; x_wconf 84' lang='lat' dir='ltr'>vehementiam</span> <span class='ocrx_word' id='word_1_42' title='bbox 817 695 1119 780; x_wconf 75' lang='lat' dir='ltr'>iniquitatemques</span> 
     </span>
     <span class='ocr_line' id='line_1_7' title="bbox 75 780 1085 862; baseline 0.002 -15"><span class='ocrx_word' id='word_1_43' title='bbox 75 781 246 847; x_wconf 72' lang='lat' dir='ltr'>sentiatis?</span> <span class='ocrx_word' id='word_1_44' title='bbox 292 783 375 847; x_wconf 83' lang='lat' dir='ltr'>Tum</span> <span class='ocrx_word' id='word_1_45' title='bbox 402 782 464 847; x_wconf 91' lang='lat' dir='ltr'>illi:</span> <span class='ocrx_word' id='word_1_46' title='bbox 491 803 551 846; x_wconf 85' lang='lat' dir='ltr'>neo</span> <span class='ocrx_word' id='word_1_47' title='bbox 578 780 715 846; x_wconf 89' lang='lat' dir='ltr'>Darium</span> <span class='ocrx_word' id='word_1_48' title='bbox 746 783 854 848; x_wconf 90' lang='lat' dir='ltr'>omnia</span> <span class='ocrx_word' id='word_1_49' title='bbox 881 806 940 862; x_wconf 89' lang='lat' dir='ltr'>pro</span> <span class='ocrx_word' id='word_1_50' title='bbox 969 786 1085 851; x_wconf 84' lang='lat' dir='ltr'>merito</span> 
     </span>
     <span class='ocr_line' id='line_1_8' title="bbox 76 870 1086 957; baseline 0.003 -22"><span class='ocrx_word' id='word_1_51' title='bbox 76 872 144 935; x_wconf 89' lang='lat' dir='ltr'>eius</span> <span class='ocrx_word' id='word_1_52' title='bbox 172 872 336 955; x_wconf 83' lang='lat' dir='ltr'>potentiae</span> <span class='ocrx_word' id='word_1_53' title='bbox 364 871 554 957; x_wconf 85' lang='lat' dir='ltr'>eognovisse</span> <span class='ocrx_word' id='word_1_54' title='bbox 583 872 616 935; x_wconf 89' lang='lat' dir='ltr'>et</span> <span class='ocrx_word' id='word_1_55' title='bbox 643 891 677 934; x_wconf 91' lang='lat' dir='ltr'>se</span> <span class='ocrx_word' id='word_1_56' title='bbox 705 871 828 954; x_wconf 84' lang='lat' dir='ltr'>pariter</span> <span class='ocrx_word' id='word_1_57' title='bbox 856 870 1008 957; x_wconf 83' lang='lat' dir='ltr'>opinione</span> <span class='ocrx_word' id='word_1_58' title='bbox 1032 873 1086 937; x_wconf 92' lang='lat' dir='ltr'>de-</span> 
     </span>
     <span class='ocr_line' id='line_1_9' title="bbox 75 958 1086 1044; baseline 0.002 -20"><span class='ocrx_word' id='word_1_59' title='bbox 75 963 186 1044; x_wconf 77' lang='lat' dir='ltr'>ceptos</span> <span class='ocrx_word' id='word_1_60' title='bbox 210 980 294 1044; x_wconf 85' lang='lat' dir='ltr'>esse;</span> <span class='ocrx_word' id='word_1_61' title='bbox 318 959 398 1024; x_wconf 86' lang='lat' dir='ltr'>haee</span> <span class='ocrx_word' id='word_1_62' title='bbox 421 981 494 1024; x_wconf 86' lang='lat' dir='ltr'>oum</span> <span class='ocrx_word' id='word_1_63' title='bbox 513 958 664 1036; x_wconf 81' lang='lat' dir='ltr'>dicerent,</span> <span class='ocrx_word' id='word_1_64' title='bbox 687 959 867 1043; x_wconf 81' lang='lat' dir='ltr'>magnificis</span> <span class='ocrx_word' id='word_1_65' title='bbox 887 961 994 1025; x_wconf 86' lang='lat' dir='ltr'>verbis</span> <span class='ocrx_word' id='word_1_66' title='bbox 1018 962 1086 1026; x_wconf 90' lang='lat' dir='ltr'>eius</span> 
     </span>
     <span class='ocr_line' id='line_1_10' title="bbox 76 1047 1086 1132; baseline 0.003 -21"><span class='ocrx_word' id='word_1_67' title='bbox 76 1049 252 1112; x_wconf 85' lang='lat' dir='ltr'>exercitum</span> <span class='ocrx_word' id='word_1_68' title='bbox 280 1049 466 1132; x_wconf 83' lang='lat' dir='ltr'>praedicare</span> <span class='ocrx_word' id='word_1_69' title='bbox 498 1047 646 1131; x_wconf 81' lang='lat' dir='ltr'>viresque</span> <span class='ocrx_word' id='word_1_70' title='bbox 679 1068 812 1130; x_wconf 88' lang='lat' dir='ltr'>coepere</span> <span class='ocrx_word' id='word_1_71' title='bbox 841 1048 989 1114; x_wconf 85' lang='lat' dir='ltr'>confiteri</span> <span class='ocrx_word' id='word_1_72' title='bbox 1016 1052 1086 1114; x_wconf 88' lang='lat' dir='ltr'>tan-</span> 
     </span>
     <span class='ocr_line' id='line_1_11' title="bbox 74 1135 1126 1221; baseline -0.002 -20"><span class='ocrx_word' id='word_1_73' title='bbox 74 1141 139 1215; x_wconf 86' lang='lat' dir='ltr'>tas,</span> <span class='ocrx_word' id='word_1_74' title='bbox 163 1140 301 1221; x_wconf 88' lang='lat' dir='ltr'>quantas</span> <span class='ocrx_word' id='word_1_75' title='bbox 325 1138 354 1201; x_wconf 92' lang='lat' dir='ltr'>si</span> <span class='ocrx_word' id='word_1_76' title='bbox 376 1159 433 1202; x_wconf 86' lang='lat' dir='ltr'>rex</span> <span class='ocrx_word' id='word_1_77' title='bbox 457 1157 584 1221; x_wconf 89' lang='lat' dir='ltr'>quoque</span> <span class='ocrx_word' id='word_1_78' title='bbox 613 1135 724 1201; x_wconf 90' lang='lat' dir='ltr'>sedulo</span> <span class='ocrx_word' id='word_1_79' title='bbox 752 1137 949 1217; x_wconf 82' lang='lat' dir='ltr'>rescivisset,</span> <span class='ocrx_word' id='word_1_80' title='bbox 977 1137 1085 1202; x_wconf 90' lang='lat' dir='ltr'>mode·</span> <span class='ocrx_word' id='word_1_81' title='bbox 1100 1161 1126 1200; x_wconf 84' lang='lat' dir='ltr'>ro</span> 
     </span>
     <span class='ocr_line' id='line_1_12' title="bbox 75 1223 1088 1308; baseline 0.002 -20"><span class='ocrx_word' id='word_1_82' title='bbox 75 1229 222 1289; x_wconf 86' lang='lat' dir='ltr'>raturum</span> <span class='ocrx_word' id='word_1_83' title='bbox 251 1225 397 1308; x_wconf 78' lang='lat' dir='ltr'>profecto</span> <span class='ocrx_word' id='word_1_84' title='bbox 426 1224 533 1289; x_wconf 88' lang='lat' dir='ltr'>verbis</span> <span class='ocrx_word' id='word_1_85' title='bbox 563 1223 671 1289; x_wconf 85' lang='lat' dir='ltr'>fuisse.</span> <span class='ocrx_word' id='word_1_86' title='bbox 717 1224 801 1289; x_wconf 83' lang='lat' dir='ltr'>Tum</span> <span class='ocrx_word' id='word_1_87' title='bbox 823 1224 1008 1290; x_wconf 84' lang='lat' dir='ltr'>Alexander</span> <span class='ocrx_word' id='word_1_88' title='bbox 1033 1247 1088 1290; x_wconf 90' lang='lat' dir='ltr'>ne-</span> 
     </span>
     <span class='ocr_line' id='line_1_13' title="bbox 75 1313 1088 1398; baseline 0.001 -21"><span class='ocrx_word' id='word_1_89' title='bbox 75 1335 137 1398; x_wconf 86' lang='lat' dir='ltr'>que</span> <span class='ocrx_word' id='word_1_90' title='bbox 166 1313 228 1378; x_wconf 92' lang='lat' dir='ltr'>sibi</span> <span class='ocrx_word' id='word_1_91' title='bbox 255 1334 367 1378; x_wconf 84' lang='lat' dir='ltr'>vorum</span> <span class='ocrx_word' id='word_1_92' title='bbox 394 1313 691 1378; x_wconf 80' lang='lat' dir='ltr'>interficiendorum</span> <span class='ocrx_word' id='word_1_93' title='bbox 719 1313 887 1379; x_wconf 92' lang='lat' dir='ltr'>hominum</span> <span class='ocrx_word' id='word_1_94' title='bbox 916 1315 1088 1380; x_wconf 86' lang='lat' dir='ltr'>eonsilium</span> 
     </span>
     <span class='ocr_line' id='line_1_14' title="bbox 76 1402 1088 1489; baseline 0.001 -23"><span class='ocrx_word' id='word_1_95' title='bbox 76 1402 177 1466; x_wconf 84' lang='lat' dir='ltr'>fuisse</span> <span class='ocrx_word' id='word_1_96' title='bbox 208 1403 377 1485; x_wconf 84' lang='lat' dir='ltr'>profitetur</span> <span class='ocrx_word' id='word_1_97' title='bbox 409 1407 442 1466; x_wconf 90' lang='lat' dir='ltr'>et</span> <span class='ocrx_word' id='word_1_98' title='bbox 471 1402 627 1467; x_wconf 90' lang='lat' dir='ltr'>maluisse</span> <span class='ocrx_word' id='word_1_99' title='bbox 657 1402 767 1486; x_wconf 85' lang='lat' dir='ltr'>potius</span> <span class='ocrx_word' id='word_1_100' title='bbox 798 1403 981 1486; x_wconf 88' lang='lat' dir='ltr'>ostendere,</span> <span class='ocrx_word' id='word_1_101' title='bbox 1011 1404 1088 1489; x_wconf 92' lang='lat' dir='ltr'>quid</span> 
     </span>
     <span class='ocr_line' id='line_1_15' title="bbox 76 1490 1129 1575; baseline 0.001 -21"><span class='ocrx_word' id='word_1_102' title='bbox 76 1490 232 1574; x_wconf 87' lang='lat' dir='ltr'>iniquitas</span> <span class='ocrx_word' id='word_1_103' title='bbox 265 1492 369 1556; x_wconf 87' lang='lat' dir='ltr'>soleat</span> <span class='ocrx_word' id='word_1_104' title='bbox 402 1494 633 1574; x_wconf 88' lang='lat' dir='ltr'>tyrannorum,</span> <span class='ocrx_word' id='word_1_105' title='bbox 672 1513 768 1575; x_wconf 89' lang='lat' dir='ltr'>quam</span> <span class='ocrx_word' id='word_1_106' title='bbox 804 1492 931 1556; x_wconf 88' lang='lat' dir='ltr'>iustitia</span> <span class='ocrx_word' id='word_1_107' title='bbox 965 1491 1088 1558; x_wconf 85' lang='lat' dir='ltr'>Graeca</span> <span class='ocrx_word' id='word_1_108' title='bbox 1103 1517 1129 1556; x_wconf 71' lang='grc' dir='ltr'>ιι</span> 
     </span>
     <span class='ocr_line' id='line_1_16' title="bbox 76 1578 1152 1663; baseline 0.004 -21"><span class='ocrx_word' id='word_1_109' title='bbox 76 1580 254 1662; x_wconf 88' lang='lat' dir='ltr'>permittat.</span> <span class='ocrx_word' id='word_1_110' title='bbox 306 1578 352 1643; x_wconf 79' lang='lat' dir='ltr'>nt</span> <span class='ocrx_word' id='word_1_111' title='bbox 383 1583 459 1663; x_wconf 91' lang='lat' dir='ltr'>post</span> <span class='ocrx_word' id='word_1_112' title='bbox 489 1579 569 1644; x_wconf 81' lang='lat' dir='ltr'>haee</span> <span class='ocrx_word' id='word_1_113' title='bbox 602 1580 707 1644; x_wconf 81' lang='lat' dir='ltr'>curari</span> <span class='ocrx_word' id='word_1_114' title='bbox 739 1579 888 1645; x_wconf 92' lang='lat' dir='ltr'>homines</span> <span class='ocrx_word' id='word_1_115' title='bbox 921 1581 1088 1646; x_wconf 85' lang='lat' dir='ltr'>liberalius</span> <span class='ocrx_word' id='word_1_116' title='bbox 1107 1594 1152 1646; x_wconf 76' lang='lat'>45.</span> 
     </span>
     <span class='ocr_line' id='line_1_17' title="bbox 76 1667 1088 1751; baseline 0.004 -21"><span class='ocrx_word' id='word_1_117' title='bbox 76 1667 166 1731; x_wconf 87' lang='lat' dir='ltr'>iubet</span> <span class='ocrx_word' id='word_1_118' title='bbox 187 1667 425 1751; x_wconf 75' lang='lat' dir='ltr'>participatque</span> <span class='ocrx_word' id='word_1_119' title='bbox 445 1668 593 1733; x_wconf 81' lang='lat' dir='ltr'>convivio</span> <span class='ocrx_word' id='word_1_120' title='bbox 613 1667 732 1751; x_wconf 88' lang='lat' dir='ltr'>dapsili</span> <span class='ocrx_word' id='word_1_121' title='bbox 751 1672 784 1733; x_wconf 92' lang='lat' dir='ltr'>et</span> <span class='ocrx_word' id='word_1_122' title='bbox 803 1670 971 1736; x_wconf 89' lang='lat' dir='ltr'>adfluente.</span> <span class='ocrx_word' id='word_1_123' title='bbox 1007 1670 1088 1735; x_wconf 84' lang='lat' dir='ltr'>Eius</span> 
     </span>
     <span class='ocr_line' id='line_1_18' title="bbox 77 1756 1090 1843; baseline 0.003 -23"><span class='ocrx_word' id='word_1_124' title='bbox 77 1756 217 1821; x_wconf 85' lang='lat' dir='ltr'>convivii</span> <span class='ocrx_word' id='word_1_125' title='bbox 240 1761 385 1840; x_wconf 88' lang='lat' dir='ltr'>tempore</span> <span class='ocrx_word' id='word_1_126' title='bbox 414 1778 486 1821; x_wconf 86' lang='lat' dir='ltr'>oum</span> <span class='ocrx_word' id='word_1_127' title='bbox 509 1778 591 1821; x_wconf 91' lang='lat' dir='ltr'>unus</span> <span class='ocrx_word' id='word_1_128' title='bbox 615 1779 632 1820; x_wconf 92' lang='lat' dir='ltr'>e</span> <span class='ocrx_word' id='word_1_129' title='bbox 654 1779 789 1822; x_wconf 90' lang='lat' dir='ltr'>numero</span> <span class='ocrx_word' id='word_1_130' title='bbox 813 1758 994 1842; x_wconf 84' lang='lat' dir='ltr'>legatorum</span> <span class='ocrx_word' id='word_1_131' title='bbox 1017 1781 1090 1843; x_wconf 82' lang='lat' dir='ltr'>pro</span> 
     </span>
     <span class='ocr_line' id='line_1_19' title="bbox 78 1843 1089 1931; baseline 0.003 -24"><span class='ocrx_word' id='word_1_132' title='bbox 78 1844 232 1909; x_wconf 86' lang='lat' dir='ltr'>ditionem</span> <span class='ocrx_word' id='word_1_133' title='bbox 253 1866 381 1930; x_wconf 90' lang='lat' dir='ltr'>quoque</span> <span class='ocrx_word' id='word_1_134' title='bbox 401 1845 463 1908; x_wconf 89' lang='lat' dir='ltr'>sibi</span> <span class='ocrx_word' id='word_1_135' title='bbox 481 1845 568 1930; x_wconf 83' lang='lat' dir='ltr'>regis</span> <span class='ocrx_word' id='word_1_136' title='bbox 585 1843 676 1909; x_wconf 85' lang='lat' dir='ltr'>Darii</span> <span class='ocrx_word' id='word_1_137' title='bbox 696 1846 888 1929; x_wconf 84' lang='lat' dir='ltr'>subsereret,</span> <span class='ocrx_word' id='word_1_138' title='bbox 905 1847 1089 1931; x_wconf 88' lang='lat' dir='ltr'>prohibitus</span> 
     </span>
     <span class='ocr_line' id='line_1_20' title="bbox 79 1933 1090 2018; baseline 0.002 -22"><span class='ocrx_word' id='word_1_139' title='bbox 79 1933 120 1996; x_wconf 87' lang='lat' dir='ltr'>ab</span> <span class='ocrx_word' id='word_1_140' title='bbox 151 1933 263 1997; x_wconf 90' lang='lat' dir='ltr'>eodem</span> <span class='ocrx_word' id='word_1_141' title='bbox 295 1938 346 1998; x_wconf 89' lang='lat' dir='ltr'>est</span> <span class='ocrx_word' id='word_1_142' title='bbox 376 1934 513 1998; x_wconf 89' lang='lat' dir='ltr'>ulterius</span> <span class='ocrx_word' id='word_1_143' title='bbox 547 1955 645 2015; x_wconf 89' lang='lat' dir='ltr'>super</span> <span class='ocrx_word' id='word_1_144' title='bbox 675 1933 736 1999; x_wconf 85' lang='lat' dir='ltr'>hae</span> <span class='ocrx_word' id='word_1_145' title='bbox 765 1955 800 1998; x_wconf 89' lang='lat' dir='ltr'>re</span> <span class='ocrx_word' id='word_1_146' title='bbox 831 1934 962 2017; x_wconf 86' lang='lat' dir='ltr'>addere,</span> <span class='ocrx_word' id='word_1_147' title='bbox 993 1956 1090 2018; x_wconf 89' lang='lat' dir='ltr'>quam</span> 
     </span>
     <span class='ocr_line' id='line_1_21' title="bbox 78 2021 1131 2107; baseline 0.002 -23"><span class='ocrx_word' id='word_1_148' title='bbox 78 2022 284 2105; x_wconf 87' lang='lat' dir='ltr'>promiserat,</span> <span class='ocrx_word' id='word_1_149' title='bbox 307 2022 498 2107; x_wconf 87' lang='lat' dir='ltr'>praesertim</span> <span class='ocrx_word' id='word_1_150' title='bbox 523 2043 595 2085; x_wconf 85' lang='lat' dir='ltr'>eum</span> <span class='ocrx_word' id='word_1_151' title='bbox 619 2023 656 2102; x_wconf 91' lang='lat' dir='ltr'>is,</span> <span class='ocrx_word' id='word_1_152' title='bbox 680 2021 733 2105; x_wconf 91' lang='lat' dir='ltr'>qui</span> <span class='ocrx_word' id='word_1_153' title='bbox 757 2023 821 2086; x_wconf 88' lang='lat' dir='ltr'>ista</span> <span class='ocrx_word' id='word_1_154' title='bbox 845 2022 992 2106; x_wconf 86' lang='lat' dir='ltr'>dixisset,</span> <span class='ocrx_word' id='word_1_155' title='bbox 1016 2043 1090 2086; x_wconf 83' lang='lat' dir='ltr'>mox</span> <span class='ocrx_word' id='word_1_156' title='bbox 1104 2047 1131 2086; x_wconf 79' lang='lat' dir='ltr'>so</span> 
     </span>
     <span class='ocr_line' id='line_1_22' title="bbox 80 2108 1090 2194; baseline 0.001 -21"><span class='ocrx_word' id='word_1_157' title='bbox 80 2108 120 2173; x_wconf 93' lang='lat' dir='ltr'>ad</span> <span class='ocrx_word' id='word_1_158' title='bbox 143 2130 252 2193; x_wconf 88' lang='lat' dir='ltr'>regem</span> <span class='ocrx_word' id='word_1_159' title='bbox 274 2112 435 2176; x_wconf 84' lang='lat' dir='ltr'>rediturus</span> <span class='ocrx_word' id='word_1_160' title='bbox 459 2110 608 2174; x_wconf 87' lang='lat' dir='ltr'>fortunae</span> <span class='ocrx_word' id='word_1_161' title='bbox 632 2113 743 2192; x_wconf 85' lang='lat' dir='ltr'>posset</span> <span class='ocrx_word' id='word_1_162' title='bbox 770 2131 884 2173; x_wconf 88' lang='lat' dir='ltr'>ansam</span> <span class='ocrx_word' id='word_1_163' title='bbox 912 2110 1090 2194; x_wconf 90' lang='lat' dir='ltr'>improspe-</span> 
     </span>
     <span class='ocr_line' id='line_1_23' title="bbox 79 2196 1091 2284; baseline 0.004 -24"><span class='ocrx_word' id='word_1_164' title='bbox 79 2219 152 2261; x_wconf 89' lang='lat' dir='ltr'>ram</span> <span class='ocrx_word' id='word_1_165' title='bbox 175 2196 263 2278; x_wconf 91' lang='lat' dir='ltr'>dare,</span> <span class='ocrx_word' id='word_1_166' title='bbox 292 2221 330 2263; x_wconf 90' lang='lat' dir='ltr'>ne</span> <span class='ocrx_word' id='word_1_167' title='bbox 360 2222 424 2284; x_wconf 91' lang='lat' dir='ltr'>qua</span> <span class='ocrx_word' id='word_1_168' title='bbox 452 2199 492 2262; x_wconf 88' lang='lat' dir='ltr'>ab</span> <span class='ocrx_word' id='word_1_169' title='bbox 521 2199 593 2281; x_wconf 89' lang='lat' dir='ltr'>ipso</span> <span class='ocrx_word' id='word_1_170' title='bbox 624 2219 750 2281; x_wconf 90' lang='lat' dir='ltr'>quoque</span> <span class='ocrx_word' id='word_1_171' title='bbox 773 2198 916 2282; x_wconf 90' lang='lat' dir='ltr'>proditio</span> <span class='ocrx_word' id='word_1_172' title='bbox 941 2202 996 2263; x_wconf 88' lang='lat' dir='ltr'>aut</span> <span class='ocrx_word' id='word_1_173' title='bbox 1018 2221 1091 2282; x_wconf 89' lang='lat' dir='ltr'>pro·</span> 
     </span>
     <span class='ocr_line' id='line_1_24' title="bbox 79 2278 1090 2376; baseline 0.007 -28"><span class='ocrx_word' id='word_1_174' title='bbox 79 2285 213 2350; x_wconf 91' lang='lat' dir='ltr'>ditionis</span> <span class='ocrx_word' id='word_1_175' title='bbox 246 2309 343 2357; x_wconf 86' lang='lat' dir='ltr'>eausa</span> <span class='ocrx_word' id='word_1_176' title='bbox 376 2290 593 2371; x_wconf 88' lang='lat' dir='ltr'>quaereretur.</span> <span class='ocrx_word' id='word_1_177' title='bbox 647 2285 701 2350; x_wconf 71' lang='lat' dir='ltr'>‘ld</span> <span class='ocrx_word' id='word_1_178' title='bbox 729 2288 816 2351; x_wconf 91' lang='lat' dir='ltr'>enim</span> <span class='ocrx_word' id='word_1_179' title='bbox 844 2288 973 2353; x_wconf 90' lang='lat' dir='ltr'>demum</span> <span class='ocrx_word' id='word_1_180' title='bbox 1002 2278 1090 2376; x_wconf 73' lang='lat' dir='ltr'>ag0,&#39;</span> 
     </span>
     <span class='ocr_line' id='line_1_25' title="bbox 79 2374 1091 2462; baseline 0.006 -25"><span class='ocrx_word' id='word_1_181' title='bbox 79 2375 199 2458; x_wconf 88' lang='lat' dir='ltr'>inquit,</span> <span class='ocrx_word' id='word_1_182' title='bbox 237 2374 319 2441; x_wconf 72' lang='lat' dir='ltr'>‘non</span> <span class='ocrx_word' id='word_1_183' title='bbox 351 2381 420 2441; x_wconf 88' lang='lat' dir='ltr'>tam</span> <span class='ocrx_word' id='word_1_184' title='bbox 453 2377 517 2440; x_wconf 91' lang='lat' dir='ltr'>mei</span> <span class='ocrx_word' id='word_1_185' title='bbox 549 2375 709 2440; x_wconf 80' lang='lat' dir='ltr'>commodi</span> <span class='ocrx_word' id='word_1_186' title='bbox 748 2397 824 2441; x_wconf 85' lang='lat' dir='ltr'>eura</span> <span class='ocrx_word' id='word_1_187' title='bbox 862 2400 958 2462; x_wconf 86' lang='lat' dir='ltr'>quam</span> <span class='ocrx_word' id='word_1_188' title='bbox 991 2378 1091 2443; x_wconf 86' lang='lat' dir='ltr'>vostri</span> 
     </span>
     <span class='ocr_line' id='line_1_26' title="bbox 80 2465 1131 2550; baseline 0.004 -23"><span class='ocrx_word' id='word_1_189' title='bbox 80 2468 261 2548; x_wconf 87' lang='lat' dir='ltr'>metuoque,</span> <span class='ocrx_word' id='word_1_190' title='bbox 279 2487 319 2528; x_wconf 91' lang='lat' dir='ltr'>ne</span> <span class='ocrx_word' id='word_1_191' title='bbox 339 2466 479 2548; x_wconf 78' lang='lat' dir='ltr'>cuipiam</span> <span class='ocrx_word' id='word_1_192' title='bbox 498 2465 576 2528; x_wconf 91' lang='lat' dir='ltr'>mali</span> <span class='ocrx_word' id='word_1_193' title='bbox 594 2486 704 2529; x_wconf 92' lang='lat' dir='ltr'>semen</span> <span class='ocrx_word' id='word_1_194' title='bbox 724 2487 761 2530; x_wconf 87' lang='lat' dir='ltr'>ao</span> <span class='ocrx_word' id='word_1_195' title='bbox 774 2466 968 2550; x_wconf 85' lang='lat' dir='ltr'>principium</span> <span class='ocrx_word' id='word_1_196' title='bbox 982 2468 1131 2532; x_wconf 71' lang='lat' dir='ltr'>videaris</span> 
     </span>
     <span class='ocr_line' id='line_1_27' title="bbox 79 2552 1091 2634; baseline 0.004 -18"><span class='ocrx_word' id='word_1_197' title='bbox 79 2553 303 2634; x_wconf 65' lang='lat' dir='ltr'>praestitisse?</span> <span class='ocrx_word' id='word_1_198' title='bbox 355 2554 406 2617; x_wconf 81' lang='lat' dir='ltr'>Ad</span> <span class='ocrx_word' id='word_1_199' title='bbox 436 2553 516 2617; x_wconf 85' lang='lat' dir='ltr'>haee</span> <span class='ocrx_word' id='word_1_200' title='bbox 543 2552 660 2618; x_wconf 89' lang='lat' dir='ltr'>Persae</span> <span class='ocrx_word' id='word_1_201' title='bbox 690 2555 797 2619; x_wconf 86' lang='lat' dir='ltr'>verbis</span> <span class='ocrx_word' id='word_1_202' title='bbox 827 2555 1091 2620; x_wconf 88' lang='lat' dir='ltr'>honoratioribus</span> 
     </span>
     <span class='ocr_line' id='line_1_28' title="bbox 81 2641 1091 2728; baseline 0.004 -24"><span class='ocrx_word' id='word_1_203' title='bbox 81 2641 204 2724; x_wconf 78' lang='lat' dir='ltr'>gratias</span> <span class='ocrx_word' id='word_1_204' title='bbox 224 2642 429 2726; x_wconf 81' lang='lat' dir='ltr'>confitentur3</span> <span class='ocrx_word' id='word_1_205' title='bbox 448 2663 552 2725; x_wconf 89' lang='lat' dir='ltr'>neque</span> <span class='ocrx_word' id='word_1_206' title='bbox 572 2642 695 2707; x_wconf 90' lang='lat' dir='ltr'>detenti</span> <span class='ocrx_word' id='word_1_207' title='bbox 713 2643 799 2706; x_wconf 89' lang='lat' dir='ltr'>ultra</span> <span class='ocrx_word' id='word_1_208' title='bbox 814 2643 988 2728; x_wconf 88' lang='lat' dir='ltr'>donatique</span> <span class='ocrx_word' id='word_1_209' title='bbox 1004 2645 1091 2709; x_wconf 90' lang='lat' dir='ltr'>omni</span> 
     </span>
     <span class='ocr_line' id='line_1_29' title="bbox 81 2730 1091 2815; baseline 0.006 -23"><span class='ocrx_word' id='word_1_210' title='bbox 81 2750 169 2808; x_wconf 89' lang='lat' dir='ltr'>auro,</span> <span class='ocrx_word' id='word_1_211' title='bbox 189 2730 276 2813; x_wconf 90' lang='lat' dir='ltr'>quod</span> <span class='ocrx_word' id='word_1_212' title='bbox 296 2752 404 2795; x_wconf 87' lang='lat' dir='ltr'>seeum</span> <span class='ocrx_word' id='word_1_213' title='bbox 423 2731 457 2795; x_wconf 92' lang='lat' dir='ltr'>in</span> <span class='ocrx_word' id='word_1_214' title='bbox 477 2730 593 2795; x_wconf 87' lang='lat' dir='ltr'>loculis</span> <span class='ocrx_word' id='word_1_215' title='bbox 610 2732 812 2813; x_wconf 84' lang='lat' dir='ltr'>advexerant,</span> <span class='ocrx_word' id='word_1_216' title='bbox 832 2732 871 2795; x_wconf 91' lang='lat' dir='ltr'>ad</span> <span class='ocrx_word' id='word_1_217' title='bbox 890 2753 1000 2815; x_wconf 85' lang='lat' dir='ltr'>regem</span> <span class='ocrx_word' id='word_1_218' title='bbox 1019 2754 1091 2799; x_wconf 89' lang='lat' dir='ltr'>oum</span> 
     </span>
     <span class='ocr_line' id='line_1_30' title="bbox 80 2817 878 2903; baseline 0.006 -24"><span class='ocrx_word' id='word_1_219' title='bbox 80 2817 200 2882; x_wconf 84' lang='lat' dir='ltr'>litteris</span> <span class='ocrx_word' id='word_1_220' title='bbox 224 2819 443 2902; x_wconf 87' lang='lat' dir='ltr'>remittuntur,</span> <span class='ocrx_word' id='word_1_221' title='bbox 467 2841 547 2903; x_wconf 91' lang='lat' dir='ltr'>quae</span> <span class='ocrx_word' id='word_1_222' title='bbox 571 2819 659 2883; x_wconf 87' lang='lat' dir='ltr'>fuere</span> <span class='ocrx_word' id='word_1_223' title='bbox 682 2819 878 2884; x_wconf 90' lang='lat' dir='ltr'>huiusmodi:</span> 
     </span>
    </p>
   </div>
   <div class='ocr_carea' id='block_1_3' title="bbox 79 3045 1094 3472">
    <p class='ocr_par' dir='ltr' id='par_1_3' title="bbox 79 3045 1094 3472">
     <span class='ocr_line' id='line_1_31' title="bbox 170 3045 1092 3102; baseline 0.001 -3"><span class='ocrx_word' id='word_1_224' title='bbox 170 3045 218 3100; x_wconf 75' lang='lat'>39.</span> <span class='ocrx_word' id='word_1_225' title='bbox 255 3045 449 3102; x_wconf 86' lang='lat' dir='ltr'>ldefensaret</span> <span class='ocrx_word' id='word_1_226' title='bbox 469 3047 502 3101; x_wconf 90' lang='lat' dir='ltr'>P.</span> <span class='ocrx_word' id='word_1_227' title='bbox 584 3053 656 3100; x_wconf 84' lang='lat' dir='ltr'>2ex</span> <span class='ocrx_word' id='word_1_228' title='bbox 674 3046 814 3101; x_wconf 86' lang='lat' dir='ltr'>sententia</span> <span class='ocrx_word' id='word_1_229' title='bbox 832 3046 907 3101; x_wconf 64' lang='grc' dir='ltr'>ΑΡ.</span> <span class='ocrx_word' id='word_1_230' title='bbox 943 3046 1014 3101; x_wconf 82' lang='lat' dir='ltr'>haee</span> <span class='ocrx_word' id='word_1_231' title='bbox 1033 3062 1092 3101; x_wconf 90' lang='lat' dir='ltr'>sen·</span> 
     </span>
     <span class='ocr_line' id='line_1_32' title="bbox 79 3115 1093 3242; baseline 0.002 -73"><span class='ocrx_word' id='word_1_232' title='bbox 79 3115 171 3169; x_wconf 85' lang='lat' dir='ltr'>tentia</span> <span class='ocrx_word' id='word_1_233' title='bbox 189 3123 217 3171; x_wconf 73' lang='grc'>2,</span> <span class='ocrx_word' id='word_1_234' title='bbox 295 3121 375 3172; x_wconf 69' lang='lat' dir='ltr'>sest</span> <span class='ocrx_word' id='word_1_235' title='bbox 393 3118 494 3242; x_wconf 45' lang='lat' dir='ltr'>formp]</span> <span class='ocrx_word' id='word_1_236' title='bbox 516 3119 560 3172; x_wconf 90' lang='lat' dir='ltr'>est</span> <span class='ocrx_word' id='word_1_237' title='bbox 579 3133 647 3172; x_wconf 81' lang='lat' dir='ltr'>corr.</span> <span class='ocrx_word' id='word_1_238' title='bbox 666 3135 699 3172; x_wconf 84' lang='lat' dir='ltr'>ex</span> <span class='ocrx_word' id='word_1_239' title='bbox 718 3121 747 3172; x_wconf 89' lang='lat' dir='ltr'>et</span> <span class='ocrx_word' id='word_1_240' title='bbox 764 3117 800 3171; x_wconf 73' lang='lat' dir='ltr'>A.</span> <span class='ocrx_word' id='word_1_241' title='bbox 820 3120 849 3172; x_wconf 87' lang='lat' dir='ltr'>et</span> <span class='ocrx_word' id='word_1_242' title='bbox 869 3118 902 3172; x_wconf 87' lang='lat' dir='ltr'>P.</span> <span class='ocrx_word' id='word_1_243' title='bbox 981 3120 1045 3171; x_wconf 70' lang='lat' dir='ltr'>tet</span> <span class='ocrx_word' id='word_1_244' title='bbox 1063 3133 1093 3171; x_wconf 83' lang='lat' dir='ltr'>se</span> 
     </span>
     <span class='ocr_line' id='line_1_33' title="bbox 80 3187 1093 3244; baseline 0.004 -4"><span class='ocrx_word' id='word_1_245' title='bbox 80 3201 131 3240; x_wconf 89' lang='lat' dir='ltr'>om.</span> <span class='ocrx_word' id='word_1_246' title='bbox 151 3192 178 3241; x_wconf 74' lang='grc' dir='ltr'>Τ.</span> <span class='ocrx_word' id='word_1_247' title='bbox 235 3188 457 3243; x_wconf 75' lang='lat' dir='ltr'>8haecom.1&#39;.</span> <span class='ocrx_word' id='word_1_248' title='bbox 491 3233 496 3244; x_wconf 92' lang='grc'>.</span> <span class='ocrx_word' id='word_1_249' title='bbox 534 3189 641 3243; x_wconf 84' lang='lat' dir='ltr'>diceret</span> <span class='ocrx_word' id='word_1_250' title='bbox 659 3194 686 3241; x_wconf 77' lang='grc' dir='ltr'>Τ.</span> <span class='ocrx_word' id='word_1_251' title='bbox 746 3194 778 3241; x_wconf 88' lang='grc'>10</span> <span class='ocrx_word' id='word_1_252' title='bbox 797 3190 826 3243; x_wconf 89' lang='lat' dir='ltr'>et</span> <span class='ocrx_word' id='word_1_253' title='bbox 843 3187 1052 3242; x_wconf 85' lang='lat' dir='ltr'>moderaturum</span> <span class='ocrx_word' id='word_1_254' title='bbox 1066 3195 1093 3244; x_wconf 74' lang='grc' dir='ltr'>Τ,</span> 
     </span>
     <span class='ocr_line' id='line_1_34' title="bbox 82 3258 1093 3329; baseline 0.006 -20"><span class='ocrx_word' id='word_1_255' title='bbox 82 3261 115 3310; x_wconf 88' lang='grc'>18</span> <span class='ocrx_word' id='word_1_256' title='bbox 136 3258 296 3313; x_wconf 86' lang='lat' dir='ltr'>subsereret</span> <span class='ocrx_word' id='word_1_257' title='bbox 306 3260 380 3314; x_wconf 87' lang='lat' dir='ltr'><strong><em>A.P.</em></strong></span> <span class='ocrx_word' id='word_1_258' title='bbox 412 3258 611 3314; x_wconf 63' lang='lat' dir='ltr'>subsederetr.</span> <span class='ocrx_word' id='word_1_259' title='bbox 667 3266 701 3313; x_wconf 93' lang='grc'>22</span> <span class='ocrx_word' id='word_1_260' title='bbox 721 3258 756 3313; x_wconf 88' lang='lat' dir='ltr'>ab</span> <span class='ocrx_word' id='word_1_261' title='bbox 775 3258 838 3329; x_wconf 87' lang='lat' dir='ltr'>ipso</span> <span class='ocrx_word' id='word_1_262' title='bbox 848 3259 914 3314; x_wconf 63' lang='lat' dir='ltr'>nl).</span> <span class='ocrx_word' id='word_1_263' title='bbox 943 3261 979 3314; x_wconf 87' lang='lat' dir='ltr'>ab</span> <span class='ocrx_word' id='word_1_264' title='bbox 997 3258 1048 3313; x_wconf 91' lang='lat' dir='ltr'>illo</span> <span class='ocrx_word' id='word_1_265' title='bbox 1060 3263 1093 3315; x_wconf 88' lang='lat' dir='ltr'>A.</span> 
     </span>
     <span class='ocr_line' id='line_1_35' title="bbox 81 3329 1094 3399; baseline 0.006 -19"><span class='ocrx_word' id='word_1_266' title='bbox 81 3333 115 3381; x_wconf 83' lang='grc'>23</span> <span class='ocrx_word' id='word_1_267' title='bbox 136 3332 318 3397; x_wconf 84' lang='lat' dir='ltr'>quaereretur</span> <span class='ocrx_word' id='word_1_268' title='bbox 327 3330 363 3385; x_wconf 78' lang='lat' dir='ltr'>A.</span> <span class='ocrx_word' id='word_1_269' title='bbox 371 3331 405 3384; x_wconf 86' lang='lat' dir='ltr'>P.</span> <span class='ocrx_word' id='word_1_270' title='bbox 433 3329 599 3399; x_wconf 86' lang='lat' dir='ltr'>proderetur</span> <span class='ocrx_word' id='word_1_271' title='bbox 609 3336 637 3386; x_wconf 78' lang='grc'>2.</span> <span class='ocrx_word' id='word_1_272' title='bbox 674 3335 709 3383; x_wconf 90' lang='grc'>24</span> <span class='ocrx_word' id='word_1_273' title='bbox 727 3345 821 3384; x_wconf 85' lang='lat' dir='ltr'>euram</span> <span class='ocrx_word' id='word_1_274' title='bbox 832 3331 896 3384; x_wconf 80' lang='lat' dir='ltr'>nP.</span> <span class='ocrx_word' id='word_1_275' title='bbox 935 3333 1094 3386; x_wconf 60' lang='grc' dir='ltr'>252162υο-</span> 
     </span>
     <span class='ocr_line' id='line_1_36' title="bbox 81 3400 1094 3472; baseline 0.003 -20"><span class='ocrx_word' id='word_1_276' title='bbox 81 3415 135 3466; x_wconf 85' lang='lat' dir='ltr'>que</span> <span class='ocrx_word' id='word_1_277' title='bbox 154 3402 232 3456; x_wconf 66' lang='grc' dir='ltr'>ΑΡ.</span> <span class='ocrx_word' id='word_1_278' title='bbox 306 3404 401 3456; x_wconf 87' lang='lat' dir='ltr'>metuo</span> <span class='ocrx_word' id='word_1_279' title='bbox 419 3417 530 3470; x_wconf 89' lang='lat' dir='ltr'>quoque</span> <span class='ocrx_word' id='word_1_280' title='bbox 550 3408 576 3455; x_wconf 77' lang='grc' dir='ltr'>Τ.</span> <span class='ocrx_word' id='word_1_281' title='bbox 657 3400 726 3454; x_wconf 90' lang='lat' dir='ltr'>mali</span> <span class='ocrx_word' id='word_1_282' title='bbox 746 3416 840 3455; x_wconf 89' lang='lat' dir='ltr'>semen</span> <span class='ocrx_word' id='word_1_283' title='bbox 859 3401 904 3472; x_wconf 87' lang='lat' dir='ltr'>ao]</span> <span class='ocrx_word' id='word_1_284' title='bbox 924 3401 1015 3456; x_wconf 88' lang='lat' dir='ltr'>malus</span> <span class='ocrx_word' id='word_1_285' title='bbox 1034 3400 1094 3456; x_wconf 87' lang='lat' dir='ltr'>eius</span> 
     </span>
    </p>
   </div>
   <div class='ocr_carea' id='block_1_4' title="bbox 79 3471 1112 3595">
    <p class='ocr_par' dir='ltr' id='par_1_4' title="bbox 79 3471 1112 3595">
     <span class='ocr_line' id='line_1_37' title="bbox 79 3471 1112 3594; baseline -0.001 -71"><span class='ocrx_word' id='word_1_286' title='bbox 79 3472 131 3592; x_wconf 62' lang='lat' dir='ltr'>sfsut</span> <span class='ocrx_word' id='word_1_287' title='bbox 149 3471 194 3594; x_wconf 55' lang='lat' dir='ltr'>Rt</span> <span class='ocrx_word' id='word_1_288' title='bbox 211 3544 243 3594; x_wconf 74' lang='lat' dir='ltr'><em>P</em></span> <span class='ocrx_word' id='word_1_289' title='bbox 256 3478 289 3527; x_wconf 78' lang='lat'>27</span> <span class='ocrx_word' id='word_1_290' title='bbox 309 3474 386 3527; x_wconf 87' lang='lat' dir='ltr'>omni</span> <span class='ocrx_word' id='word_1_291' title='bbox 405 3490 438 3528; x_wconf 89' lang='lat' dir='ltr'>eo</span> <span class='ocrx_word' id='word_1_292' title='bbox 459 3489 526 3527; x_wconf 89' lang='lat' dir='ltr'>auro</span> <span class='ocrx_word' id='word_1_293' title='bbox 541 3472 572 3525; x_wconf 92' lang='lat' dir='ltr'>P.</span> <span class='ocrx_word' id='word_1_294' title='bbox 646 3478 679 3527; x_wconf 83' lang='lat'>29</span> <span class='ocrx_word' id='word_1_295' title='bbox 698 3471 778 3526; x_wconf 79' lang='lat' dir='ltr'>luere</span> <span class='ocrx_word' id='word_1_296' title='bbox 797 3488 869 3528; x_wconf 78' lang='lat' dir='ltr'>sorr.</span> <span class='ocrx_word' id='word_1_297' title='bbox 887 3489 922 3528; x_wconf 77' lang='lat' dir='ltr'>aa</span> <span class='ocrx_word' id='word_1_298' title='bbox 937 3473 1058 3526; x_wconf 70' lang='lat' dir='ltr'>iuturus</span> <span class='ocrx_word' id='word_1_299' title='bbox 1075 3471 1112 3522; x_wconf 63' lang='lat' dir='ltr'>li.</span> 
     </span>
     <span class='ocr_line' id='line_1_38' title="bbox 94 3555 245 3595; baseline 0 -1"><span class='ocrx_word' id='word_1_300' title='bbox 94 3555 179 3595; x_wconf 84' lang='lat' dir='ltr'>norun</span> <span class='ocrx_word' id='word_1_301' title='bbox 239 3582 245 3594; x_wconf 91' lang='lat'><em>.</em></span> 
     </span>
    </p>
   </div>
   <div class='ocr_carea' id='block_1_5' title="bbox 119 3636 982 3684">
    <p class='ocr_par' dir='ltr' id='par_1_5' title="bbox 119 3636 982 3684">
     <span class='ocr_line' id='line_1_39' title="bbox 119 3636 982 3684; baseline 0.01 -11"><span class='ocrx_word' id='word_1_302' title='bbox 119 3636 207 3675; x_wconf 73' lang='lat' dir='ltr'>Ivarus</span> <span class='ocrx_word' id='word_1_303' title='bbox 223 3639 356 3683; x_wconf 73' lang='lat' dir='ltr'>marrus.</span> <span class='ocrx_word' id='word_1_304' title='bbox 963 3637 982 3684; x_wconf 57' lang='lat' dir='ltr'>br</span> 
     </span>
    </p>
   </div>
   <div class='ocr_carea' id='block_1_6' title="bbox 0 0 1222 3826">
    <p class='ocr_par' dir='ltr' id='par_1_6' title="bbox 0 0 1222 3826">
     <span class='ocr_line' id='line_1_40' title="bbox 0 0 1222 3826; baseline 0 0"><span class='ocrx_word' id='word_1_305' title='bbox 0 0 1222 3826; x_wconf 95' lang='lat' dir='ltr'> </span> 
     </span>
    </p>
   </div>
  </div>
 </body>
</html>
