2414 3826
22 2962 32 2995 7

146 194 210 260 196
263 193 442 250 EPISTOLA
459 193 674 252 Aunxsnnnr
692 195 743 249 AD
761 192 1032 250 nulsrornunn.

138 322 143 353 l

144 358 300 442 Angebar
332 359 441 421 autem
469 357 576 442 magis
605 378 665 441 pro
694 358 794 421 mutis
827 357 1023 421 animalibus
1063 379 1159 441 quam

144 469 204 531 pro
227 449 341 510 nostra
362 446 564 530 necessitate,
588 445 819 510 durabiliorem
842 445 1007 510 hominem
1033 447 1157 511 cunctis

144 536 181 599 in
202 534 299 599 rebus
323 553 522 617 cognoscens
551 556 648 618 quam
676 534 839 618 pecudem.
881 531 1008 617 Quippe
1033 555 1159 599 mecum

146 625 246 706 erant,
267 621 324 705 qui
342 643 455 686 aurum
473 622 645 706 vehebant,
663 622 852 707 elephantes
870 621 1014 706 ingentis
1035 623 1159 706 magni·

119 710 268 776 studinis
288 709 459 775 admodum
478 711 574 794 mille,
594 711 848 796 quadringentae
868 710 1045 795 quadrigae
1064 732 1159 795 equo-

145 821 231 880 rum,
261 821 372 864 omnes
398 797 549 883 falcatae,
575 799 672 884 bigae
700 799 790 863 mille
813 799 984 882 ducentae,
1012 801 1159 883 equitnm

145 891 272 953 turmae
295 888 432 973 triginta
454 887 555 970 milia,
579 887 724 971 peditum
747 890 895 952 trecenta
918 888 1158 973 quinquaginta

146 977 251 1061 milia,
283 977 446 1042 mulorum
477 976 692 1040 castrensium
722 975 921 1040 subarmalia
950 981 983 1039 et
1014 977 1158 1043 sarcinas

145 1066 287 1131 militum
317 1065 358 1130 ad
385 1064 548 1129 vehendas
577 1064 668 1130 circit
653 1067 705 1128 ter
731 1064 795 1129 duo
824 1063 932 1150 milia,
961 1065 1158 1130 camelorum

107 1178 132 1217 10
147 1154 336 1220 dromedum
360 1157 393 1218 et
415 1154 514 1217 boum
539 1152 603 1217 duo
626 1153 731 1237 milia,
758 1152 813 1238 qui
839 1114 983 1218 frumbnt
968 1156 1041 1218 tum
1064 1155 1157 1218 vehe

146 1243 239 1328 bant,
269 1245 303 1306 et
331 1244 550 1306 armentorum
577 1241 616 1304 ad
643 1263 737 1305 usum
763 1241 871 1306 carnis
899 1241 1121 1306 cotidianae
1112 1264 1156 1306 m·

146 1352 227 1417 gens
259 1351 413 1395 numerus
444 1329 647 1412 sequebatur.
698 1327 849 1395 Ceterum
882 1331 917 1393 in
942 1331 1034 1413 equis
1064 1332 1134 1396 et
1124 1353 1156 1395 m

147 1418 244 1482 mulis
268 1421 301 1481 et
287 1416 457 1481 tcamelis
480 1418 545 1481 et
536 1440 570 1480 ιιι
593 1418 775 1502 elephantis
799 1439 896 1484 aurea
920 1439 1048 1503 quoque
1065 1419 1156 1483 frena

146 1507 241 1570 luxus
268 1526 334 1570 non
356 1527 471 1589 parum
494 1506 589 1570 nobis
612 1508 807 1609 permiserat
828 1507 1048 1572 victoriarum
1096 1505 1157 1572 Sed

107 1616 133 1657 ιι
148 1598 225 1658 tunc
243 1594 430 1679 inasperata
452 1593 510 1658 illa
527 1616 647 1679 peoora
664 1596 719 1660 vix
738 1617 773 1660 se
792 1594 955 1660 continere
973 1599 1157 1678 potuerunt.

146 1682 268 1746 Milites
284 1704 410 1767 quoque
424 1704 509 1746 nnnc
524 1683 721 1750 ferramenta
734 1683 928 1767 lambiendo,
945 1704 1033 1748 nnnc
1053 1684 1155 1749 oleum

147 1772 310 1855 gustando
336 1771 441 1836 diram
466 1771 512 1837 sic
539 1772 647 1856 aliquo
676 1771 773 1837 modo
797 1772 925 1837 differre
948 1771 1039 1836 sitim
1064 1794 1155 1838 cona·

146 1861 275 1927 bantur.
307 1858 456 1924 Vidimus
476 1861 574 1924 etiam
592 1861 764 1946 plerosque
782 1860 905 1945 pudore
924 1862 1047 1926 amisso
1068 1883 1155 1927 suam

146 1951 251 2034 ipsam
265 1949 392 2014 urinam
407 1953 540 2014 vexatos
554 1949 679 2014 ultimis
698 1949 948 2014 necessitatibus
961 1949 1156 2015 haurientes.

106 2061 133 2100 ιο
148 2039 236 2115 Quae
264 2060 315 2103 res
339 2060 390 2102 me
414 2037 585 2121 dupliciter
607 2038 713 2104 torsit.
758 2037 868 2102 Primo
896 2037 935 2101 de
958 2041 1050 2102 statu
1073 2059 1157 2102 exer·

147 2129 229 2194 citus
248 2128 353 2212 magis
374 2148 471 2212 quam
490 2126 529 2190 de
547 2126 680 2210 proprio
699 2147 772 2190 meo
792 2126 955 2191 sollicitus
973 2127 1157 2209 periculo...

146 2214 232 2280 Iussi
256 2219 367 2280 tamen
392 2218 429 2279 nt
454 2215 570 2279 armati
597 2218 806 2298 sequerentur
829 2235 962 2299 agmen,
988 2215 1157 2299 legemque

146 2302 248 2366 indixi
271 2325 322 2367 me
345 2303 381 2367 in
404 2325 477 2366 eum
501 2326 592 2367 arma
614 2325 796 2383 versurum,
825 2303 879 2386 qui
907 2324 973 2367 non
1001 2303 1157 2387 legitimis

146 2389 296 2454 inductus
321 2389 503 2474 insignibus
530 2391 566 2455 in
593 2392 661 2457 acie
685 2390 903 2474 deprehensus
931 2393 1027 2455 esset
1066 2390 1157 2469 Quod

107 2479 209 2562 seipsi
233 2500 359 2562 quoque
378 2479 589 2581 mirabantur,
613 2479 698 2564 qnod
720 2481 769 2543 ita
787 2478 843 2543 ubi
861 2479 968 2544 nullus
988 2482 1158 2564 appareret

145 2566 232 2631 host
208 2569 268 2651 t1s‚
297 2588 428 2633 necesse
459 2569 583 2632 esset
573 2590 608 2631 m
637 2570 730 2632 tanta
760 2567 816 2632 siti
846 2571 990 2632 armatos
1021 2569 1157 2654 ingredi.

147 2652 208 2719 Sed
242 2677 302 2741 ego
339 2656 481 2720 sciebam
515 2677 573 2740 per
607 2657 752 2722 best1osa
786 2657 1053 2741 serpentiosaque
1088 2657 1158 2723 loca

235 2924 475 2986 3recognoscens
489 2917 528 2970 H.
555 2934 664 2971 mecum
684 2919 764 2972 erant
781 2933 831 2973 om.
847 2919 885 2973 H
924 2918 1023 2989 telep
1024 2918 1106 2974 hanti
1119 2920 1157 2975 H.

147 2989 231 3057 cbig
232 3005 265 3043 ae
284 3004 351 3042 vero
371 2988 409 3042 H.
449 2991 592 3042 'lturmae
611 2987 663 3042 XX
680 2987 773 3055 milia,
791 2989 871 3058 pedit
872 3007 919 3044 um
938 2990 1062 3045 ducenta
1080 2992 1157 3060 quin·

147 3061 265 3128 quagint
253 3059 349 3113 taduo
359 3057 447 3124 milia,
458 3060 509 3113 sub
520 3057 604 3113 armis
614 3059 753 3114 mulorum
765 3061 949 3114 castrensium
959 3061 998 3116 H.
1044 3067 1079 3116 10
1097 3063 1158 3116 dro-

146 3148 256 3183 morum
272 3129 306 3183 L
327 3128 567 3184 dromedariorum
583 3130 615 3185 V.
635 3130 853 3199 dromedumque
870 3132 908 3186 H.
941 3148 1014 3199 quae
1032 3133 1072 3187 H
1104 3133 1158 3186 fru-

146 3204 242 3256 menta
267 3200 302 3254 L.
309 3200 346 3253 H.
355 3199 386 3255 P.
461 3204 495 3254 14
518 3217 634 3270 parvum
660 3201 695 3256 L.
727 3202 848 3257 victoria
872 3202 902 3256 V.
928 3202 1050 3258 victoria
1075 3205 1112 3259 B.
1118 3203 1158 3258 M.

148 3277 181 3325 15
208 3271 367 3340 inspectata
390 3286 464 3354 aqua
487 3271 548 3341 ipsa
572 3288 722 3341 pecora—
736 3273 867 3342 poterant
893 3273 924 3326 V.
1030 3281 1062 3330 16
1092 3275 1158 3329 lam

146 3342 238 3397 bendo
257 3343 296 3397 H.
341 3347 375 3397 17
394 3343 434 3397 sic
452 3360 502 3399 om.
521 3343 560 3399 H.
603 3348 636 3396 21
657 3343 794 3398 sollic1us
812 3343 853 3397 fui
872 3344 910 3398 H
953 3349 986 3398 22
1006 3345 1100 3415 legem
1120 3345 1157 3400 H.

146 3420 181 3467 23
209 3430 286 3468 arma
314 3430 458 3469 versurum
491 3434 519 3468 ω.
561 3413 818 3469 animadversurum
856 3415 932 3470 VH.
1052 3422 1088 3471 24
1118 3415 1158 3470 in·

138 3485 270 3609 sigquns
284 3484 379 3615 qqmis
405 3484 432 3542 0.
440 3485 473 3542 Ρ.
501 3484 714 3556 insignibusque
738 3486 821 3540 armis
844 3485 883 3540 H.
958 3492 992 3542 26
1011 3487 1105 3543 incedi
1124 3486 1157 3542 L

128 3568 196 3609 unce
218 3573 266 3612 ere
