2414 3826
428 729 559 794 LIBER
584 728 815 796 SECUNDUS

549 884 611 952 QUI
629 885 698 941 EST

362 1030 533 1106 AOTUS
561 1029 876 1104 ALEXANDRI.

208 1222 239 1287 1.
286 1223 392 1306 Igitur
424 1220 607 1285 Alexandro
639 1221 703 1284 iter
735 1242 752 1284 e
785 1217 942 1284 Corintho
974 1219 1127 1285 Plataeas
1146 1234 1168 1288 Ι.

91 1315 200 1394 serat,
227 1311 340 1374 urbem
369 1309 497 1392 quidem
525 1310 615 1374 illam
643 1309 749 1390 operis
778 1308 911 1373 maximi
940 1308 1127 1394 populique,
1146 1311 1171 1358 1.

117 1399 278 1462 enimvero
308 1397 460 1484 religioni
487 1399 647 1462 intentam
671 1397 885 1480 Proserpinae
916 1397 1008 1482 deae,
1037 1399 1127 1462 cuius

116 1487 273 1570 templum
306 1486 406 1550 etiam
439 1490 581 1551 erectum
616 1487 655 1551 ad
689 1486 968 1572 magnificentiam
1001 1486 1126 1551 visitur.

116 1573 179 1640 Sed
201 1576 286 1640 forte
306 1575 363 1641 illo
386 1575 584 1659 intempore
609 1597 715 1640 annuo
741 1596 832 1640 sacro
852 1579 984 1659 tegmen
1001 1576 1127 1641 numini

115 1665 300 1747 parabatur.
346 1661 540 1729 Coniectura
563 1663 761 1729 vaticinandi
785 1664 945 1729 sacerdoti
970 1664 1127 1728 eiusmodi

76 1777 101 1818 ro
115 1752 191 1837 fuit,
219 1753 358 1816 multum
388 1751 427 1816 ad
457 1753 595 1837 gloriam
624 1756 789 1838 gestarum
816 1772 924 1816 rerum
953 1757 985 1817 et
1013 1773 1127 1836 geren-

116 1842 228 1905 darum
253 1841 357 1906 eidem
381 1839 567 1906 Alexandro
592 1840 766 1925 auspicari,
795 1841 879 1924 quod
903 1841 961 1906 illo
988 1842 1023 1904 in
1045 1844 1125 1904 tem·

114 1951 194 2013 pore
213 1930 312 1995 sacris
328 1929 578 2014 supervenisset,
598 1929 694 2014 idque
713 1951 904 2012 responsum
924 1929 1015 1993 etad
1035 1951 1126 2013 spem

115 2024 147 2084 et
170 2020 323 2105 gaudium
347 2018 398 2083 illi
421 2019 496 2104 fuit,
519 2019 763 2103 liberaliterque
788 2021 955 2102 acceptam
974 2021 1083 2082 vatem
1108 2040 1127 2081 a

115 2130 148 2173 se
168 2109 312 2174 dimittit.
354 2107 452 2173 Enim
477 2113 509 2173 ct
533 2107 620 2173 aliud
643 2106 867 2172 testimonium
887 2107 955 2171 vati
978 2106 1018 2171 ad
1041 2107 1122 2170 veri·
1141 2117 1168 2168 2.

75 2219 100 2259 15
117 2196 288 2260 dicentium
314 2197 397 2261 forte
427 2197 492 2261 tale
521 2199 723 2281 provenerat.
776 2194 971 2280 Stesagoras
998 2196 1125 2279 quippe,

114 2285 321 2367 magistratui
347 2285 606 2370 Plataeensium,
639 2287 753 2370 postca
784 2284 933 2368 ingresso
966 2283 1125 2368 templum

113 2372 283 2455 locumque
308 2396 390 2458 eum,
413 2375 527 2459 inquo
547 2374 631 2438 idern
655 2377 786 2458 tegmen
806 2374 933 2437 numini
955 2377 1125 2455 texeretur,

114 2482 188 2523 cum
203 2461 233 2524 ci
248 2464 458 2546 perexiguum
474 2467 665 2548 superesset,
685 2462 855 2526 adversum
870 2483 908 2526 ea
921 2465 1022 2545 vates,
1042 2483 1124 2546 quae

114 2549 253 2613 secunda
276 2548 462 2616 Alexandro
487 2553 699 2636 praecinerat,
721 2550 772 2615 illi
795 2552 964 2634 respondit
987 2572 1124 2635 eumque

74 2661 99 2700 ao
114 2637 161 2701 ait
184 2638 379 2723 magistratu
404 2661 461 2704 suo
485 2640 632 2723 protinus
656 2639 891 2723 deponendum.
934 2639 1027 2716 Quod
1051 2661 1124 2703 cum

112 2726 338 2791 inclementius
371 2728 422 2790 vir
455 2729 617 2812 ceteroqui
649 2728 791 2793 melioris
825 2728 1040 2793 conscientiae
1073 2749 1124 2790 ac·

114 2814 264 2899 cepisset,
295 2817 329 2879 in
361 2816 445 2879 iram
473 2816 785 2900 commotionemque
814 2838 987 2882 conversus
1022 2815 1124 2880 incre·

201 3025 229 3080 1.
263 3024 388 3095 4Igitur
406 3042 456 3081 orn.
476 3033 504 3081 Τ.
550 3025 725 3082 tintcntum
744 3026 777 3081 P.
825 3024 1068 3094 ”lmagnilicentia
1088 3024 1123 3080 P.

113 3102 129 3149 8
150 3095 225 3165 Quae
244 3114 262 3150 a
279 3097 368 3151 verbis
388 3097 453 3152 ‘Sed
472 3098 545 3153 forte
564 3097 625 3152 illo'
646 3113 730 3167 usquc
749 3099 785 3152 acl
802 3098 885 3152 cerba
898 3097 998 3165 capitis
1011 3096 1124 3150 secandi

113 3165 296 3221 ‘contumelia
305 3168 508 3237 temperavere’
522 3170 657 3240 leuantur,
668 3185 718 3224 om.
729 3169 771 3233 P.,
785 3170 833 3237 qui
845 3169 931 3222 colam
940 3169 1011 3222 tanc
1021 3172 1124 3221 seuten-

111 3238 179 3291 ticua
193 3240 310 3293 cohibet:
329 3237 461 3308 Dirigunt
475 3241 569 3295 autem
584 3241 742 3295 Alexandro
756 3239 941 3293 Athenienses
957 3240 1075 3303 litteras,
1094 3234 1123 3289 in

111 3308 211 3375 quibus
231 3327 281 3363 nec
300 3326 317 3362 a
335 3309 410 3380 regis
431 3310 543 3378 quidem
558 3311 728 3366 contumelia
745 3313 947 3379 temperavere.
986 3315 1018 3363 12
1039 3308 1124 3362 sacris

110 3381 216 3498 scrqcsat'.
225 3381 314 3499 jam
324 3380 360 3435 A.
404 3388 437 3436 16
456 3381 627 3437 Platensium
638 3384 673 3438 A.
719 3386 751 3434 19
772 3396 889 3448 eumque
909 3381 1032 3436 eitMoc'.
1060 3396 1124 3432 eum

95 3462 197 3508 quaeri
256 3491 262 3502 ,
