2414 3826
132 150 174 214 10
563 147 673 203 LIBER
690 149 711 202 l.

131 312 192 397 ait,
222 310 345 395 ‘patuit
372 333 448 376 vero
477 313 669 395 argumento
699 310 801 376 divini
830 310 915 376 circa
943 315 974 375 te
1002 311 1146 377 numinis

131 402 246 465 cultus.
292 398 442 465 Vidimus
467 399 553 464 euim
577 399 671 465 deum
695 399 908 464 auxiliantem
934 400 995 464 tibi
1017 401 1147 484 pericli-

131 489 225 574 tanti,
248 489 395 573 quamvis
413 489 491 572 ¹quis
514 488 542 552 is
567 488 611 552 sit
633 488 791 570 nesciam,
818 488 936 573 quippe
960 489 1010 554 vel
1033 488 1147 556 Iovem

131 577 242 642 credas
267 598 306 641 ex
326 576 434 661 aquila
454 577 504 641 vel
524 577 718 642 Ammonem
741 599 780 641 ex
800 576 959 643 dracone?
1001 579 1057 643 Ad
1074 578 1147 644 mec

105 667 260 733 ommim:
291 665 487 732 ‘Ammonem
513 685 544 731 se
570 667 692 748 quidem
709 665 869 748 professus
896 670 952 745 cst,
980 668 1054 732 dum
1076 669 1147 750 pm'·

131 775 218 820 mum
244 774 362 822 mecum
384 755 542 820 comcmim
564 756 710 838 dicantus
737 759 793 839 cst,
821 754 934 820 scilicet
956 755 1073 839 In'byce
1096 757 1146 821 do

130 845 252 909 mmmm
274 841 455 909 comiomsce?
1152 854 1154 857 ·

221 931 255 998 5.
278 932 455 998 Enimvero
473 953 597 1016 pavens
616 949 688 996 cum
711 931 746 996 in
766 931 904 1015 quadam
923 931 1032 1016 regiae
1051 936 1145 1016 parte
1164 952 1195 1008 x]

130 1021 302 1107 Philippus
327 1020 502 1100 sessitaret,
526 1021 560 1084 in
579 1042 642 1105 qua
666 1041 741 1084 aves
760 1020 919 1104 plurimae
938 1021 1147 1086 circumerra-

92 1115 212 1190 rorent,
226 1112 318 1195 isque
332 1111 477 1175 intentus
492 1109 588 1174 rebus
604 1109 737 1192 agendis
753 1108 896 1173 animum
911 1111 1146 1193 occupavisset,

131 1204 262 1283 repente
279 1199 404 1284 gallina
419 1197 626 1282 supersiliens
646 1197 714 1261 eius
733 1198 768 1261 in
787 1199 893 1262 sinum
908 1198 1145 1283 considensque

130 1290 225 1353 enixa
249 1293 299 1358 est
316 1309 428 1352 ovum.
476 1284 539 1350 Sed
567 1307 664 1350 ovum
687 1286 766 1350 illud
791 1287 954 1351 evolutum
978 1287 1051 1351 sinu
1076 1288 1145 1352 eius

129 1375 221 1441 humi
245 1378 430 1459 concrepat,
459 1374 613 1458 cuiusque
641 1374 763 1439 testula
790 1373 985 1440 dissultante
1010 1375 1146 1442 dracun-

131 1465 231 1550 culus,
254 1468 386 1548 utpote
409 1463 534 1528 tantilli
558 1463 722 1528 conclavis
741 1465 917 1548 pertenuis,
941 1464 1050 1549 egredi
1070 1466 1145 1530 visi·

91 1571 116 1612 15
131 1555 193 1636 tur,
212 1554 304 1637 isque
319 1573 414 1636 saepe
429 1553 684 1617 circumcursans
704 1555 737 1615 et
755 1553 902 1617 ambiens
921 1554 975 1619 ovi
989 1553 1145 1619 testulam

129 1642 213 1707 velle
233 1664 267 1706 se
286 1663 398 1706 rursus
418 1662 465 1725 eo,
485 1639 568 1704 unde
587 1643 771 1726 emerserat,
790 1641 940 1726 condere3
964 1641 1019 1706 sed
1039 1643 1146 1726 prius·

130 1752 227 1814 quam
246 1730 390 1815 cupitum
410 1732 531 1814 ageret,
554 1732 658 1794 morte
677 1734 873 1814 praeventus
893 1735 950 1795 est.
993 1730 1042 1795 Ea
1061 1732 1145 1798 visio

129 1840 196 1884 non
215 1841 350 1903 parvum
374 1819 561 1903 scrupulum
580 1818 732 1903 Philippo
757 1818 792 1882 in
816 1818 958 1883 animum
980 1819 1145 1889 iniecerat.

129 1907 198 1972 Rex
221 1907 358 1993 denique
382 1907 632 1991 Antiphontem,
661 1908 716 1990 qui
740 1908 904 1973 coniector
931 1908 965 1972 id
987 1911 1145 1991 temporis

89 2016 116 2055 ro
131 1997 280 2082 egregius
304 1997 500 2082 habebatur,
529 1996 677 2062 arcessiri
704 1995 795 2059 iubet
822 1995 914 2080 eique
943 1997 1048 2079 aperit
1074 2019 1145 2063 rem

129 2086 312 2151 visitatam:
342 2086 515 2171 gallinam,
546 2106 658 2167 ovum,
689 2084 934 2169 dracunculum,
963 2086 1144 2172 circuitum,

130 2179 268 2240 mortem
283 2175 481 2240 dracunculi.
511 2172 674 2238 Sedenim
689 2172 837 2258 Antipho
852 2174 892 2237 ad
907 2175 1144 2242 incrementum

129 2264 266 2346 peritiae
297 2283 373 2326 suae
404 2263 455 2327 dei
489 2262 685 2326 adminiculo
718 2262 894 2344 inspiratus
927 2263 1001 2327 infit
1031 2284 1144 2349 regem

63 2388 67 2396 ·
130 2351 257 2416 docere:
277 2350 379 2413 filium
398 2372 474 2415 mox
493 2349 619 2431 ei'fore,
638 2350 694 2433 qui
712 2371 841 2415 omnem
861 2351 1017 2416 mnndum
1037 2353 1144 2418 obiret

90 2457 116 2498 aa
130 2459 322 2523 omnemque
342 2459 418 2502 suae
437 2437 557 2503 dicioni
576 2437 777 2523 subiugaret3
796 2439 881 2504 hunc
894 2443 970 2522 post
984 2442 1143 2506 ambitum

129 2529 286 2592 mundani
313 2528 451 2611 laboris,
482 2527 613 2592 domum
643 2527 709 2591 iam
739 2549 773 2590 se
801 2531 995 2612 vertentem,
1026 2551 1143 2596 occasu

130 2616 228 2682 celeri
246 2616 434 2700 periturum.
478 2615 596 2680 ‘Draco
621 2613 761 2700 quippe,'
785 2617 839 2698 ait,
863 2616 925 2681 ‘est
943 2618 1053 2702 regale
1073 2619 1143 2684 ani-

130 2705 213 2770 mal-
241 2703 347 2770 Ovum
370 2727 446 2771 uero
470 2705 575 2770 forma
598 2705 773 2768 mundialis
796 2703 865 2770 est'
905 2704 956 2770 Ex
981 2729 1045 2791 quo
1069 2729 1142 2773 cum

130 2794 227 2859 draco
247 2795 392 2880 erupisse
408 2794 565 2876 videatur,
583 2796 658 2876 post
676 2814 804 2857 omnem
823 2794 1033 2859 rotunditatis
1052 2797 1140 2862 illius

90 2901 116 2942 ³0
131 2884 290 2949 ambitum
314 2883 466 2949 circuisse
495 2886 592 2967 atque
616 2880 742 2966 ingredi
765 2903 818 2966 eo,
845 2884 928 2948 unde
952 2887 1060 2949 ortum
1083 2884 1139 2950 ba·

130 2973 253 3056 buerat,
271 2972 441 3056 cupivisse,
460 2973 549 3056 prius
565 2970 693 3055 quidem
713 2974 887 3056 mortuum,
906 2995 1003 3056 quam
1023 2972 1055 3037 id
1070 2973 1141 3038 fieri

221 3166 420 3233 largumeuto
439 3164 496 3218 cod.
514 3162 600 3218 Oxum.
633 3163 828 3231 argumentum
839 3164 871 3218 P.
904 3164 1026 3219 numinis
1045 3181 1095 3220 om.
1106 3165 1140 3219 P.

129 3237 219 3306 suppl.
239 3253 272 3291 ecc
291 3237 348 3291 cod.
370 3235 457 3290 Oxou.
531 3239 548 3286 4
567 3233 738 3302 Responsum
758 3234 930 3304 Olympiadis
949 3238 980 3290 im
998 3237 1089 3292 codice
1107 3236 1139 3292 P.

130 3310 256 3362 omissam
279 3323 312 3361 mc
331 3307 448 3374 epitoma
466 3305 604 3374 suppiam
627 3306 658 3358 m
677 3309 703 3358 Τ,
720 3305 807 3374 plura
826 3307 1051 3374 commetamur,
1072 3323 1142 3377 quoe

129 3383 219 3433 tomen
238 3379 291 3447 topi
309 3378 366 3430 iam
383 3392 440 3431 mom
455 3381 572 3444 poscunt
592 3377 699 3444 (desum
717 3381 770 3431 tres
788 3380 898 3444 cerras).

218 3450 247 3503 b.
279 3453 311 3501 14
330 3447 470 3501 conclavis
489 3446 545 3502 Mr.
575 3443 703 3502 conclavi
722 3447 755 3503 P.
784 3447 915 3516 conglovi
933 3453 961 3504 Τ.
1027 3454 1059 3503 18
1078 3465 1141 3519 par·

121 3534 185 3566 rum
201 3519 239 3569 P.
261 3533 366 3582 parum
387 3523 412 3569 Τ,
465 3584 466 3587 ¹
489 3521 523 3572 25
544 3535 611 3574 suae
632 3534 683 3576 om.
707 3518 740 3574 Ρ.
774 3516 894 3574 dictioni
907 3524 940 3574 Ἔ.
