2414 3826
184 193 362 250 EPISTOLA
381 194 596 252 ALEXANDRI
614 196 664 250 AD
684 195 951 255 ARISTOTELEM.
1007 199 1077 263 207,

149 356 260 422 Primo
294 357 407 421 deinde
440 379 576 423 aurorae
605 358 746 424 diluculo
780 359 815 423 in
847 361 928 425 alias
960 361 1072 427 Indiae

57 446 197 530 profecti
220 467 332 511 sumus
356 447 516 530 regiones.
551 445 637 512 Nam
660 448 696 512 in
718 468 832 533 campo
855 451 982 533 patenti
1004 472 1072 514 mu·

58 537 153 600 lieres
173 535 324 618 virosque
342 535 464 619 pilosos
484 535 518 598 in
536 535 669 600 modum
687 536 830 600 ferarum
848 541 919 603 toto
938 560 1072 622 corpore

56 624 207 701 vidimus,
229 623 347 707 pedum
373 623 506 688 altiores
531 627 614 707 octo,
637 624 707 689 sine
729 629 820 689 veste
842 627 954 692 nudos.
1000 625 1071 692 Hos

56 712 129 777 Indi
153 711 422 795 Ichthyophagos
449 711 628 796 appellant.
673 711 718 777 Hi
740 713 845 798 magis
870 715 991 780 assueti
1014 717 1097 787 liu-5

56 801 200 866 minibus
220 821 280 865 nec
299 822 366 864 non
385 805 503 884 stagno
518 821 616 884 quam
630 801 728 865 terris
748 806 850 885 erant,
869 803 967 868 crudo
982 805 1072 888 pisce

55 889 281 954 tantummodo
305 892 339 953 et
362 911 520 972 aquarum
543 889 663 954 haustu
687 889 842 954 viventes.
885 890 974 967 Quos
998 914 1071 958 eum

57 979 165 1043 videre
194 977 367 1058 vellemus,
397 978 511 1042 vicinis
539 976 737 1043 Ebimaridis
768 978 911 1043 fluminis
939 980 1007 1045 vivi
1038 1002 1072 1046 se

58 1087 197 1131 mersere
227 1065 411 1131 verticibus.
464 1063 703 1149 Cynocephalis
735 1067 924 1151 ingentibus
957 1067 1071 1134 deinde

56 1156 155 1238 plena
177 1155 359 1219 invenimus
383 1176 526 1238 nemora,
551 1155 605 1238 qui
626 1177 687 1220 nos
709 1155 908 1220 adlacessere
932 1160 1069 1241 tempta·
1084 1190 1111 1230 10

57 1245 139 1308 bant
162 1248 195 1306 et
218 1243 257 1307 ad
281 1243 382 1308 ictum
406 1243 602 1326 sagittarum
626 1243 805 1327 fugiebant.
850 1243 920 1309 lam
945 1245 1071 1310 deserta

56 1332 254 1397 intrantibus
287 1332 381 1397 nobis
413 1333 485 1397 loca
522 1332 606 1396 nihil
645 1332 778 1415 dignum
812 1333 996 1417 spectaculo
1030 1336 1070 1400 ab
1170 1363 1176 1368 ·

57 1420 148 1485 Indis
172 1420 259 1484 ultra
283 1441 451 1504 superesse
474 1419 684 1485 referebatur.

146 1509 253 1593 Igitur
283 1509 427 1574 aditurus
450 1508 644 1593 Phasiacen,
671 1510 756 1574 unde
785 1531 950 1594 veneram,
978 1511 1081 1595 signa,

57 1599 203 1663 converti
222 1598 387 1681 imperavi,
406 1600 443 1662 ut
461 1619 500 1662 ex
519 1619 557 1662 eo
577 1597 649 1662 loco
668 1598 836 1664 duodecim
856 1598 1068 1665 miliariorum
1084 1633 1110 1675 15

57 1690 166 1750 castra
201 1685 309 1750 vicina
345 1686 513 1770 aquationi
549 1707 752 1769 poneremus.
806 1686 919 1773 Aeque
954 1692 1070 1754 cuncta

57 1779 166 1840 erecta
188 1775 330 1839 tentoria
352 1778 446 1839 erant
474 1775 621 1858 largique
643 1775 735 1859 ignes
759 1777 899 1855 accensi,
925 1798 997 1841 oum
1020 1799 1070 1841 re·

57 1866 155 1946 pente
171 1861 252 1927 Euri
270 1864 360 1928 venti
384 1865 477 1927 tanta
496 1863 543 1926 vis
561 1863 672 1928 flantis
692 1867 805 1927 exorta
824 1866 882 1941 est,
905 1868 942 1928 ut
960 1866 1070 1930 omnia

56 1951 268 2018 tabernacula
290 1952 514 2035 principiaque
542 1954 656 2017 nostra
682 1953 926 2017 conturbaverit
948 1956 1070 2017 everte-

57 2041 164 2124 ritque
193 2040 349 2106 maiorem
376 2042 410 2104 in
439 2041 571 2104 modum
600 2040 806 2123 stupentibus
833 2039 939 2106 nobis.
987 2039 1069 2115 Qua·
1084 2077 1111 2118 20

57 2129 211 2213 drupedia
230 2131 333 2194 multo
353 2129 575 2195 vehementius
595 2129 796 2193 vexabantur
814 2129 966 2212 exitiique
985 2129 1067 2194 scin·

57 2218 138 2282 tillis
168 2222 200 2282 et
223 2218 398 2284 titionibus
426 2218 461 2282 in
488 2222 583 2303 terga
608 2216 813 2282 venientibus
842 2217 1069 2284 adurebantur.

56 2305 139 2370 Tum
167 2306 283 2372 hortor
311 2307 447 2388 milites,
475 2305 551 2390 quia
579 2306 808 2390 aequinoctiali
836 2310 982 2390 tempore
1003 2357 1011 2373 .
1032 2356 1068 2372 ..

56 2394 89 2459 id
118 2395 272 2460 accidisse
305 2417 370 2460 non
404 2395 537 2461 deorum
568 2394 634 2479 ira,
664 2395 750 2480 quod
784 2396 929 2462 octobrio
958 2417 1068 2462 mense

144 2646 159 2694 2
179 2656 272 2694 sumus
295 2655 345 2694 om.
368 2641 442 2695 oaH.
551 2641 702 2712 4pedum]
726 2641 812 2711 pedes
830 2641 864 2693 L.
892 2640 1010 2708 pedibus
1034 2641 1067 2697 V.

54 2710 132 2781 octo]
152 2726 290 2764 novenum
310 2711 339 2765 0.
366 2710 406 2764 IX
424 2712 463 2767 H.
573 2711 766 2780 blehthyoph
806 2727 837 2764 os
855 2712 911 2764 acri
930 2712 969 2775 ai;
1005 2710 1067 2765 icti-

52 2781 134 2835 fanos
142 2780 177 2832 L.
186 2782 228 2833 M.
255 2779 448 2849 ictifangosG.
475 2780 647 2836 istifanosB.
674 2780 762 2836 indici
791 2796 878 2835 annos
916 2821 922 2834 .
947 2780 1067 2836 lanoso.

52 2852 153 2907 faunos
176 2850 255 2903 P.H.
292 2851 330 2904 Hi
348 2868 398 2906 om.
418 2871 448 2905 ω.
485 2851 576 2920 magia
599 2867 649 2906 om.
669 2851 708 2907 H.
748 2850 908 2905 fluminibus
926 2867 1015 2920 aquae
1037 2852 1065 2907 0.

54 2928 141 2978 onec
160 2936 217 2973 non
236 2921 265 3000 et
284 2921 358 2975 GH.
427 2927 444 2976 8
462 2920 570 3044 viderff
590 2921 669 2975 adire
688 2921 727 2976 H.
759 2919 847 2976 vicini
865 2922 927 2993 etc]
946 2920 1066 2977 vicinius

53 2990 157 3047 marini
175 2989 297 3046 flammis
316 2991 355 3047 H.
388 2991 446 3046 vivi
465 3008 516 3048 om.
568 3032 574 3043 .
612 2990 801 3047 evercioibus
834 2993 1017 3062 voraginibus
1037 2993 1066 3050 0.

54 3062 155 3119 deinde
170 3064 233 3119 loca
246 3061 331 3133 plena.
344 3061 383 3116 H.
422 3067 455 3116 12
475 3062 761 3130 exspectaculoL.B.
804 3106 809 3118 .
852 3068 885 3118 15
906 3062 1067 3119 exoaVH.

54 3135 89 3190 ab
100 3134 129 3189 0.
147 3135 295 3190 duodecim
304 3153 332 3189 or.
355 3133 390 3188 ad
401 3132 595 3202 quindecimo.
616 3133 652 3187 ad
661 3133 857 3189 duodecimum
868 3133 1019 3189 miliarium
1028 3135 1066 3190 H.

55 3213 88 3261 16
108 3207 267 3275 aequeiam
283 3205 311 3260 0.
336 3203 436 3261 etiam
448 3203 480 3261 V.
519 3207 552 3258 17
572 3206 666 3260 erecta
679 3221 729 3262 om.
744 3206 777 3261 L.
817 3210 850 3260 19
870 3205 1067 3272 evertitquec.

55 3280 250 3346 everteretque
273 3276 306 3331 V.
350 3283 384 3331 21
404 3274 786 3344 exitiique—adurebantnr
804 3292 854 3333 om.
875 3275 903 3332 0.
932 3273 1067 3344 exitiique

55 3348 89 3403 L.
97 3349 129 3403 G.
159 3347 400 3417 excituqueB.M.
429 3347 603 3415 multumque
616 3346 648 3403 V.
682 3347 815 3416 exituque
834 3347 1019 3403 scintillarum
1039 3350 1069 3401 et

54 3419 186 3474 titionum
205 3420 235 3474 in
253 3423 334 3491 terga
351 3420 523 3474 venientium
542 3418 581 3473 H.
654 3425 687 3473 23
708 3418 786 3490 quia]
806 3422 854 3488 qui
872 3418 907 3473 L.
936 3419 1011 3488 quod
1025 3418 1068 3497 V.

55 3497 89 3545 24
108 3491 257 3547 accidisset
271 3491 345 3547 GH.
374 3489 446 3544 iram
456 3489 491 3542 1).
519 3489 595 3559 quod
613 3489 743 3547 octobrio
759 3488 953 3545 mensem.
983 3488 1090 3538 comra-

54 3560 116 3615 brio
133 3579 228 3616 mense
247 3562 321 3631 quod
340 3583 370 3618 ω.
405 3562 519 3620 octobri
540 3562 626 3622 V.H.
