2414 3826
127 165 190 230 162
541 164 651 222 LIBER
668 163 716 221 111.

125 329 215 394 cuius
242 328 363 411 prioris
392 327 537 410 corporis
563 347 640 410 pars
666 328 752 412 pube
779 330 873 392 tenus
890 327 944 406 ad
970 326 1136 393 hominem

125 415 340 501 congruebat,
371 415 536 480 enimvero
567 436 649 502 quae
679 414 826 480 insecuta
852 416 1014 499 corporis,
1045 418 1138 480 erant

125 506 236 570 omnia
262 503 406 587 beluina,
434 525 632 587 prorsusque
660 504 788 588 qualem
816 501 961 586 Scyllam
988 504 1137 569 homines

124 594 321 675 fabulantur,
343 593 408 656 nisi
425 593 489 658 hoo
511 614 575 657 uno
594 592 787 657 deverterat:
810 615 878 659 non
900 593 987 657 enim
1013 593 1137 658 caninis

98 682 284 766 sospitibus
316 681 493 765 lupinisve,
531 680 617 746 enim
650 681 791 746 leoninis
824 685 920 765 atque
953 681 1137 765 pardorum,

125 794 219 837 suum
251 769 350 836 etiam
380 770 432 834 vel
463 791 614 834 ursorum
644 780 773 834 omnem
803 771 948 854 inguinis
978 770 1138 834 ambitum

124 863 267 944 texerat,
297 859 495 943 spirantibus
523 860 622 922 etiam
650 859 779 943 bestiis,
809 859 865 923 sed
892 881 968 942 pars
997 880 1137 943 superna

124 949 330 1032 humanaque
361 951 511 1013 emortua
539 948 604 1011 iam
633 951 666 1011 et
693 948 800 1013 colore
828 951 900 1013 atro
930 968 1004 1011 cum
1032 949 1138 1012 desitu

125 1039 260 1122 spiritus
278 1037 454 1103 visebatur.
495 1035 533 1100 Id
552 1036 692 1101 monstri
713 1036 770 1101 ubi
793 1037 918 1120 mulier,
942 1057 1026 1120 quae
1048 1035 1139 1101 foeta

86 1127 239 1205 rofuerat,
262 1127 356 1190 enixa
380 1129 443 1207 est,
467 1124 579 1189 stetim
601 1125 673 1207 ipsa
695 1125 860 1189 invectum
886 1125 926 1188 ad
949 1144 1062 1208 regem
1086 1126 1138 1189 de

123 1216 201 1278 tulit
232 1213 481 1296 Alexandroque
511 1212 630 1277 habere
661 1213 797 1296 mirum,
827 1214 912 1298 quod
943 1213 1138 1296 ostenderet,

124 1303 366 1388 praeiudicavit.
411 1301 519 1385 Igitur
546 1301 730 1386 ingressus,
762 1302 817 1386 qui
849 1303 920 1386 regi
946 1302 1138 1366 miraculum

124 1391 303 1471 nuntiaret,
331 1389 566 1453 offendit'eum
589 1390 623 1453 in
647 1390 796 1455 cubiculo
818 1390 997 1455 meridiano
1022 1412 1139 1455 somno

125 1484 203 1543 tunc
222 1477 374 1543 deditum.
417 1475 480 1542 Sed
503 1477 543 1541 ad
563 1479 734 1562 strepitum
752 1479 969 1563 inrumpentis
989 1501 1066 1544 cum
1087 1501 1139 1543 ex·

85 1585 111 1626 rs
124 1567 272 1651 pergitus
304 1565 390 1630 foret
417 1565 624 1650 audissetque
658 1590 804 1652 causam,
831 1568 1000 1632 mulierem
1028 1566 1139 1632 induci

125 1655 224 1719 iubet.
273 1653 427 1737 Ingressa
456 1654 559 1741 igitur
588 1657 700 1720 statim
729 1656 889 1722 facessere
919 1657 1091 1721 universos
1122 1678 1139 1720 e

125 1743 288 1827 praesenti
321 1743 435 1808 mulier
464 1744 576 1826 edicit,
606 1745 678 1828 ipsa
707 1766 783 1809 vero
809 1746 933 1810 revelat
961 1741 1138 1828 nudatque,

126 1833 211 1917 quod
235 1835 381 1916 vexerat,
402 1833 636 1917 profiteturque
661 1855 695 1898 se
718 1834 890 1917 peperisse.

216 1920 274 1988 55.
301 1921 390 2006 Ergo
419 1921 459 1986 ad
486 1922 678 1986 miraculum
701 1922 836 1987 visionis
860 1916 1018 1987 eiusmodi
1046 1922 1138 1986 iubet
1154 1931 1192 1984 88.

85 2028 111 2067 ²⁰
126 2012 241 2076 statim
270 2010 455 2075 Alexander
487 2009 709 2094 prodigiorum
741 2012 933 2094 interpretes
967 2011 1140 2076 convenire

126 2121 163 2164 ao
186 2099 342 2183 profiteri,
366 2099 479 2183 ecquid
499 2099 657 2164 eiusmodi
679 2100 808 2165 novitas
827 2100 1014 2182 minaretur,
1037 2100 1139 2165 inter·

125 2189 330 2272 minaturque
349 2209 446 2271 quam
465 2190 587 2271 sancte,
609 2187 674 2252 nisi
700 2209 738 2252 ex
761 2187 824 2251 fide
848 2187 997 2252 dixerint.
1046 2187 1139 2253 Unus

125 2276 228 2359 igitur
251 2297 268 2339 e
291 2276 517 2357 praesentibus
543 2296 662 2359 magno
690 2298 762 2341 oum
791 2277 916 2362 gemitu
944 2276 1015 2361 regi
1045 2298 1139 2360 sepa-

125 2368 207 2440 rato,
231 2360 356 2446 ‘Ehem'
379 2364 495 2446 inquit,
517 2361 690 2429 ‘malorum
710 2367 864 2450 omnium,
887 2365 978 2448 eheu,
1002 2366 1049 2429 mi
1067 2367 1139 2431 rexl

86 2467 112 2507 ac
125 2472 191 2514 non
215 2451 299 2513 enim
324 2451 389 2513 iam
408 2451 503 2515 bonis
526 2473 630 2537 neque
653 2453 852 2519 interrivos
875 2454 1026 2519 homines
1050 2455 1139 2519 ultra

126 2537 355 2604 nominabam?
398 2537 460 2604 Sed
480 2562 537 2604 our
554 2542 619 2606 ista
639 2543 774 2606 sentiret
792 2543 960 2627 interpres,
984 2564 1058 2607 cum
1082 2565 1140 2607 rex

125 2629 314 2714 diligentius
340 2631 520 2713 quaereret,
548 2630 628 2695 haec
652 2631 755 2695 addit:
782 2630 827 2695 ‘0
852 2631 928 2715 quid
953 2629 1066 2714 enim,'
1091 2633 1138 2696 in·

215 2827 230 2874 3
251 2821 345 2876 omnia
358 2820 474 2876 beluina
488 2827 534 2877 etc.
553 2823 729 2892 superscript.
745 2824 777 2876 in
791 2823 840 2877 Ρ..·
858 2822 887 2876 id
902 2823 946 2876 est
959 2820 1026 2878 ursi.
1045 2822 1138 2891 pardi.

124 2891 193 2961 lupi
213 2890 318 2948 leones.
338 2908 430 2947 canes.
451 2909 520 2947 sues.
559 2898 575 2947 5
595 2893 736 2963 capitibus
751 2894 787 2947 A.
810 2892 929 2947 rictibus
948 2893 979 2947 P.
1018 2900 1035 2948 6
1055 2910 1139 2948 omne

124 2961 249 3033 inguinis
267 2963 303 3018 A.
363 2963 485 3019 tetiam
504 2980 556 3019 om.
574 2965 610 3019 A.
651 2964 699 3018 sed
715 2964 749 3017 P.
773 2962 885 3019 etiamsi
898 2963 933 3019 A.
990 2963 1083 3018 8iam
1105 2965 1138 3019 P.

125 3033 212 3088 etiam
231 3033 266 3087 A.
309 3033 421 3089 9foeta
439 3051 488 3090 om.
508 3035 541 3089 P.
580 3041 613 3089 10
631 3034 694 3104 ipsa
712 3034 744 3089 P.
769 3036 812 3088 his
831 3035 883 3089 has
902 3035 938 3089 A.
982 3039 1013 3088 11
1034 3036 1139 3090 habere

124 3106 216 3160 om.P.
265 3110 297 3158 12
318 3105 545 3173 praeiudiavitP.
584 3106 632 3173 qui
646 3107 679 3161 P.
704 3106 821 3174 quaeA.
879 3111 911 3160 13
931 3106 1093 3160 cubiculum
1106 3107 1139 3158 P.

126 3192 223 3231 somno
247 3192 296 3230 om.
320 3175 354 3230 P.
446 3182 479 3230 14
497 3175 684 3247 irrumpentes
708 3179 743 3232 A.
836 3183 869 3232 16
889 3192 918 3230 se
942 3178 1085 3245 praesenti
1106 3178 1138 3231 P.

126 3253 159 3300 18
177 3248 294 3302 vexerat
311 3246 343 3303 P.
371 3246 480 3301 vixerm
497 3249 533 3304 A.

213 3319 263 3375 55.
290 3322 322 3371 21
344 3316 458 3387 etquid
478 3319 512 3373 A.
537 3320 604 3387 quid
625 3319 658 3374 P.
698 3318 845 3373 miraretur
863 3317 895 3370 P.
969 3324 1003 3372 23
1023 3333 1039 3371 e
1058 3334 1138 3387 prae-

126 3389 251 3443 sentibus
269 3389 303 3442 A.
332 3390 527 3457 praesentibus
546 3391 577 3443 P.
622 3394 656 3445 26
674 3391 733 3444 iam
751 3389 833 3444 bonis
852 3390 888 3441 A.
915 3392 974 3441 tam
993 3388 1084 3444 bonus
1104 3389 1138 3443 P.

124 3474 214 3524 neque
233 3460 348 3525 fortasse
366 3462 515 3516 delendum.
561 3468 595 3515 26
613 3461 793 3516 nominavere
814 3460 847 3514 P.
892 3464 926 3513 27
946 3459 1014 3528 quid
1034 3476 1085 3515 cm.
1105 3461 1138 3515 P.

117 3527 257 3594 quidquid
275 3529 377 3588 Selloe.
