2386 3832
121 186 165 250 24
554 183 665 239 LIBER
681 183 703 241 I.

122 347 222 415 vivio'
237 350 270 412 et
288 369 353 413 una
368 369 439 413 cum
455 347 550 412 dictis
565 346 736 412 adversum
750 347 938 432 Philippum
954 346 1139 415 discumbit.

124 435 187 502 Sed
206 457 262 501 rex
282 439 451 520 asperatus
471 435 512 501 ad
530 435 653 501 dietum
671 436 759 501 intus
780 437 814 500 in
835 436 944 502 animo
964 435 1139 502 saeviebat.

123 525 248 590 Aderat
265 529 343 590 tuno
362 525 448 590 inter
466 525 586 589 multas
605 525 796 609 regalesque
815 525 947 590 delicias
966 524 1083 608 Lysias
1112 528 1180 584 xxl.

124 615 254 697 quidam
275 613 357 678 risui
376 613 547 679 excitando
567 634 666 696 quam
684 612 913 696 facetissimus,
937 613 1085 697 quicum
1105 613 1140 677 iu
1158 613 1181 666 ⁵·

98 704 232 788 cgratia
247 703 334 788 regis
354 702 542 768 admordere
557 702 835 767 adolescentulum
849 702 956 785 vellet,
975 700 1140 785 ‘Potione'

123 791 244 876 iuquit,
267 790 303 856 ‘o
326 813 397 876 rex,
421 789 628 875 Cleopatrae,
650 791 791 876 potiare,
818 813 835 855 e
864 813 929 875 qua
956 789 1018 855 tibi
1043 811 1138 875 spero

122 881 269 964 privatos
286 879 373 945 filios
394 883 489 965 atque
503 879 791 946 incommunicatos
811 878 907 945 alteri
921 881 1138 964 proventuros

125 990 258 1053 eosque,
282 969 337 1052 qui
355 969 500 1035 vultibus
519 968 585 1034 tuis
605 971 638 1032 et
655 967 744 1033 felici
761 968 978 1051 respondeant
1002 965 1138 1032 semini?

124 1057 215 1124 Haec
238 1058 295 1123 ubi
319 1058 405 1123 dicta
429 1061 514 1142 sunt,
536 1057 703 1121 inritatior
725 1057 851 1122 iuvenis
875 1057 1025 1140 protinus
1044 1078 1139 1140 pocu-

84 1168 110 1208 ιο
124 1147 206 1230 lum,
232 1147 318 1231 quod
341 1147 403 1211 sibi
426 1168 505 1230 prae
530 1166 628 1209 manu
652 1149 735 1226 erat,
764 1146 799 1209 in
821 1144 956 1229 Lysiam
978 1145 1139 1210 iaculatur

125 1257 261 1318 eumque
280 1235 438 1300 vulnerat.
480 1232 543 1298 Sed
566 1254 622 1297 rex
642 1234 869 1299 effervescente
892 1235 957 1298 iam
980 1235 1049 1298 irae
1067 1255 1137 1317 pro-

123 1324 266 1388 fessione
297 1322 471 1405 prosiliens
506 1322 540 1386 in
571 1322 794 1387 Alexandrum
825 1322 949 1387 labitur
984 1342 1138 1406 crureque

123 1412 212 1475 laeso
237 1413 270 1476 et
292 1410 463 1475 vulnerato
486 1410 681 1493 procumbit.
718 1411 800 1477 Tum
819 1433 935 1496 parum
953 1414 1138 1493 temperans

123 1499 194 1563 voci
213 1498 353 1563 iuvenis:
378 1497 462 1581 ‘Eu'
481 1498 595 1583 inquit,
615 1498 684 1563 ‘illa
703 1500 757 1583 qui
777 1497 889 1564 Asiam
907 1498 1138 1583 Europamque

84 1608 110 1649 ιι
125 1587 272 1668 subiecit,
290 1587 386 1652 unius
405 1587 517 1652 lectuli
536 1588 684 1740 spatium
699 1587 767 1652 sine
786 1589 930 1670 periculo
948 1609 1016 1652 ιιοιι
1035 1609 1138 1652 emen·

125 1697 180 1740 sus
206 1637 281 1739 estl'
320 1674 462 1741 Etcum
486 1676 572 1741 dicto
596 1677 684 1760 rapit
707 1677 852 1761 gladium
875 1698 1061 1760 omnesque,
1085 1675 1138 1759 qui

124 1764 209 1829 forte
232 1785 302 1828 sese
325 1764 428 1829 veluti
452 1764 492 1829 ad
516 1765 851 1849 comprehendendum
874 1766 1054 1849 inruerant,
1077 1765 1138 1829 dis-

124 1848 190 1937 icit,
213 1874 346 1936 prorsus
371 1857 409 1917 ut
431 1853 515 1919 nihil
516 1875 570 1918 um
596 1853 634 1918 de
659 1852 892 1919 Centaurorum
912 1853 1008 1938 Lapit
994 1815 1137 1918 thdrum·

125 1964 187 2027 que
207 1942 354 2007 convivio
370 1942 480 2008 demut
466 1945 561 2025 t,aret
579 1946 636 2007 aut
650 1942 735 2027 quod
754 1942 804 2007 illi
822 1943 868 2006 rei
885 1942 931 2006 sit
944 1943 1139 2026 proximum,

84 2051 111 2090 ac
124 2053 239 2115 procos
264 2031 385 2097 diceres
410 2054 484 2097 oum
509 2032 612 2096 ultore
636 2029 732 2097 Ulixe
755 2030 935 2097 decernere.
976 2030 1138 2115 Egressus

124 2120 227 2205 igitur
250 2121 397 2185 concedit
421 2120 460 2185 ad
484 2125 630 2184 matrem.

216 2206 272 2272 14.
303 2207 402 2272 Enim
426 2209 481 2292 qui
505 2209 642 2273 aderant
663 2208 850 2292 Philippum
872 2229 939 2272 ιιοιι
962 2208 1085 2292 absque
1113 2209 1182 2268 XXI]

125 2295 309 2359 discrimine
349 2296 555 2360 vulneratum
599 2297 746 2361 eubiculo
791 2296 950 2361 invehunt
992 2296 1139 2379 lectoque
1158 2297 1182 2347 ⁶·

125 2383 299 2466 deponunt.
350 2379 412 2447 Sed
442 2383 471 2446 is
501 2404 575 2448 cum
602 2388 679 2466 post
707 2385 945 2468 complusculos
975 2384 1043 2449 dies
1072 2384 1139 2449 iam

84 2491 110 2531 aa
123 2471 245 2536 bonam
273 2492 363 2554 spem
391 2471 551 2537 curationi
578 2473 798 2555 promitteret,
826 2472 1008 2559 ingreditur
1036 2474 1140 2538 amica

125 2559 342 2625 sollicitudine
393 2563 472 2625 tunc
518 2559 703 2625 Alexander
754 2561 966 2645 adsidensque
1018 2560 1140 2627 lectulo

124 2645 286 2732 ‘Quaeso'
309 2648 423 2732 inquit,
447 2647 479 2714 ‘o
498 2646 658 2734 Philippa,
676 2683 721 2696 —
740 2649 845 2714 adhuc
869 2652 956 2715 enim
975 2652 1008 2714 te
1025 2649 1089 2715 hoc
1109 2654 1141 2714 et

215 2840 429 2896 ladversum'r.
449 2840 632 2922 adversimA.
637 2841 670 2894 P.
701 2839 898 2896 discumbitA.
918 2840 1097 2897 decumbitu.
1105 2841 1139 2895 Ρ.

124 2918 139 2966 2
169 2913 315 2981 asperatus
343 2911 410 2966 Τ.Ρ.
449 2928 479 2966 as
501 2910 608 2967 cracina
636 2912 687 2978 A.
719 2913 792 2980 quod
818 2912 940 2979 defendit
970 2911 1066 2981 ceper
1104 2912 1140 2966 ad

124 2981 183 3036 diet
171 2985 277 3036 ιιιιιιΤ.
311 2981 495 3036 addicta.
528 2984 560 3038 aa
577 2985 703 3064 marptue
720 2982 766 3037 vel
785 2981 923 3038 addictus.
957 2982 1086 3038 addictus
1105 2983 1138 3036 Ρ.

159 3053 253 3121 gratia
271 3058 298 3108 Τ.
307 3052 341 3106 Ρ.
369 3053 492 3122 gratiam
510 3054 546 3106 A.
594 3051 755 3122 tprivatos
773 3059 801 3106 Τ.
808 3056 842 3108 A:
872 3055 968 3124 privos
989 3053 1023 3110 P.
1069 3055 1139 3110 air·

123 3124 241 3178 ratatior
261 3123 296 3178 P.
333 3123 449 3193 proculo
469 3130 495 3176 Τ.
604 3130 637 3178 10
656 3123 764 3178 Lisiam
782 3123 889 3179 iaculat
906 3141 939 3179 ac
958 3125 1090 3180 vulnerat
1107 3125 1139 3178 P.

125 3192 235 3247 11iam
256 3209 306 3250 om.
326 3194 362 3248 A
368 3194 399 3247 P.
470 3199 503 3250 1⁷
523 3193 594 3249 torte
615 3210 676 3248 sese
695 3196 831 3249 venerant
848 3195 937 3250 veluti
957 3196 1139 3283 comprehen—

123 3263 245 3318 dendum
271 3265 412 3319 irruerant
437 3265 470 3319 P.
514 3263 624 3319 dissicit
649 3266 684 3321 A.
691 3266 724 3320 P.
770 3265 910 3321 dissecat?
957 3263 1141 3336 (p‘ptcpnyar'c

123 3327 237 3402 ἐποίησε
258 3335 374 3403 Graec..)
450 3339 483 3388 18
502 3334 706 3417 Lapitharumq
707 3352 741 3391 ue
761 3335 796 3390 A

189 3355 261 3461 ηῙι.
283 3411 318 3460 23
336 3404 475 3460 invehunt
496 3405 528 3461 Τ.
565 3405 737 3462 inducebant
754 3407 790 3462 A.
828 3407 987 3461 cubiculum
1006 3406 1142 3463 videbant

99 3471 298 3596 bsspdfflantl)
319 3476 353 3530 Ρ.
428 3482 462 3530 26
481 3479 542 3531 tum
563 3478 596 3532 P.
624 3495 674 3534 em.
694 3484 722 3532 Τ.
754 3477 921 3548 asidensque
942 3478 977 3533 P.
1050 3484 1084 3534 27
1104 3479 1141 3532 ad
